2442 3716
96 237 136 283 10
412 238 586 282 AENEIDOS
619 239 684 283 LIB.
708 238 766 282 VII.

92 376 247 436 subiciunt
262 375 369 452 epulis,
382 376 480 436 -sic
496 377 634 454 Iuppiter
649 377 699 436 ille
721 361 867 436 nionebat
878 413 920 420 --
1040 391 1087 426 110

93 479 123 529 et
140 469 266 530 Cereale
282 469 381 528 solum
397 469 497 546 pomis
514 471 686 547 agrestibus
703 480 824 548 augent.

92 562 282 639 consumptis
298 562 348 620 hic
362 563 441 620 forte
458 563 534 636 aliis,
551 562 584 622 ut
599 574 715 622 vertere
738 583 857 622 morsus

93 656 233 733 exiguam
248 655 279 713 in
296 657 439 714 Cererem
454 656 582 732 penuria
597 657 700 733 adegit
716 655 829 715 edendi

43 801 45 804 .
93 759 123 807 et
137 749 251 808 violare
267 769 359 806 manu
374 749 524 825 malisque
540 749 708 808 audacibus
731 750 836 808 orbem

92 841 194 900 fatalis
210 841 303 900 crusti
318 841 431 917 patulis
447 861 505 900 nec
519 861 643 918 parcere
660 842 793 918 quadris,
1039 853 1086 906 115

92 935 178 1008 heus,
195 934 287 993 etiam
302 953 424 993 mensas
441 934 668 994 consumimus!
691 935 790 1010 inquit
806 935 900 1008 Iulus,

93 1047 151 1086 nec
165 1028 253 1104 plura
268 1027 427 1086 adludens.
473 1031 518 1086 Ea
532 1047 591 1086 vox
607 1027 712 1087 audita
727 1028 866 1086 laborum

92 1121 190 1198 prima
204 1119 274 1178 tulit
288 1120 389 1194 finem,
406 1119 596 1196 primamque
612 1121 766 1197 loquentis
783 1121 821 1179 ab
837 1141 889 1179 ore

93 1213 203 1290 eripuit
217 1223 313 1289 pater,
325 1232 366 1271 ac
382 1214 572 1288 stupefactus
588 1213 712 1272 numine
727 1214 847 1290 pressit.

93 1306 248 1380 continuo,
267 1307 356 1364 Salve
371 1305 443 1364 latis
459 1305 533 1362 mihi
549 1305 654 1364 debita
669 1307 783 1379 TelluS,
1039 1321 1086 1356 120

92 1418 218 1475 vosque,
235 1399 285 1470 ait,
302 1418 321 1456 o
335 1398 389 1456 fidi
404 1397 515 1456 Troiae
532 1398 646 1456 salvete
670 1401 821 1458 Penates!

92 1493 143 1552 hic
158 1493 276 1565 domus,
293 1493 370 1550 haec
384 1491 484 1569 patria
499 1499 554 1550 est.
599 1492 728 1550 Genitor
750 1492 824 1549 mihi
846 1493 919 1550 talia
941 1512 1084 1568 namque,

93 1605 175 1644 nunc
190 1595 304 1662 repeto,
322 1585 474 1643 Anchises
489 1585 622 1642 latorum
637 1604 749 1642 arcana
763 1585 898 1661 reliquit:

93 1698 162 1737 cum
177 1688 216 1752 te,
233 1689 313 1750 nate,
329 1679 427 1736 tames
443 1677 548 1755 ignota
564 1678 603 1736 ad
619 1677 707 1737 litora
722 1687 843 1736 vectum

93 1771 202 1831 accisis
218 1781 307 1848 coget
323 1771 454 1846 dapibus
470 1790 650 1830 consumere
665 1790 797 1844 mensaS,

92 1875 158 1923 tum
174 1883 295 1940 sperare
311 1864 419 1922 domos
435 1864 576 1922 defessus
593 1864 696 1941 ibique
712 1873 866 1922 memento

93 1957 190 2033 prima
206 1957 306 2015 locare
322 1975 414 2013 manu
430 1956 589 2032 molirique
605 1976 715 2034 aggere
731 1966 821 2016 tecta.

93 2051 170 2108 haec
185 2059 249 2108 erat
265 2049 316 2107 illa
330 2050 442 2122 fames;
464 2049 541 2107 haec
556 2069 613 2108 nos
629 2069 771 2126 suprema
787 2051 939 2124 manebat,

93 2143 193 2202 exitiis
208 2142 346 2218 positura
361 2142 494 2200 modum.

94 2255 187 2313 quare
203 2235 284 2312 agite
300 2245 330 2293 et
345 2235 443 2312 primo
459 2233 531 2292 laeti
547 2253 615 2292 cum
631 2235 745 2294 lumine
762 2235 844 2309 solis,
1039 2251 1085 2300 ¹30

94 2348 172 2406 quae
188 2328 264 2401 loca,
282 2328 372 2403 quive
387 2328 522 2387 habeant
538 2327 687 2401 homines,
704 2329 756 2388 ubi
772 2328 893 2387 moenia
908 2329 1017 2406 gentis,

93 2421 288 2498 vestigemus
305 2429 336 2479 et
351 2441 369 2478 a
383 2429 474 2496 portu
489 2420 610 2479 diversa
625 2430 774 2497 petamus,

93 2533 175 2572 nunc
189 2523 312 2590 pateras
328 2513 421 2573 libate
438 2513 512 2586 lovi,
529 2508 733 2589 precibusque
748 2523 856 2572 vocate

94 2607 252 2666 Anchisen
267 2606 444 2684 genitorem,
462 2616 492 2664 et
506 2606 578 2664 vina
592 2606 731 2682 reponite
753 2607 876 2666 mensis.

94 2699 139 2759 sic
154 2700 266 2758 deinde
282 2700 392 2758 effatus
407 2699 563 2757 frondenti
578 2708 717 2774 tempora
732 2719 816 2758 ramo
1039 2712 1084 2764 135

94 2793 238 2869 implicat,
255 2801 286 2850 et
301 2792 495 2868 Geniumque
511 2791 570 2850 loci
585 2791 775 2868 primamque
794 2793 918 2851 deorum

94 2886 248 2944 Tellurem
264 2885 484 2963 Nymphasque
500 2894 530 2942 et
546 2884 647 2942 adhuc
662 2883 767 2962 ignota
782 2895 922 2960 precatur

95 2978 244 3052 Flumina,
261 2987 325 3037 tum
341 2981 472 3036 Noctem
496 2977 666 3054 Noctisque
682 2977 811 3035 orientia
828 2978 920 3055 Signa

96 3073 285 3148 Idaeumque
301 3075 405 3130 Iovem
422 3070 645 3149 Phrygiamque
662 3091 698 3129 ex
714 3070 821 3129 ordine
840 3072 971 3129 Matrem

141 3233 187 3283 109
197 3220 358 3284 instituunt,
364 3227 470 3281 parant.
481 3249 515 3256 —
523 3234 532 3267 1
540 3234 549 3267 r
556 3232 569 3284 5
576 3219 689 3284 patulis,
696 3221 762 3266 lant.
770 3248 804 3255 -
813 3233 822 3266 1
830 3233 859 3282 19
866 3219 987 3282 numine,
996 3221 1083 3266 omine.

95 3294 1083 3361 —125ttccisi8,consumptis—135ram0‚scrtis,I.417.—138t1igna,sidera.
