2442 3716
138 296 179 342 22
456 299 629 344 AENEIDOS
662 299 726 346 LIB.
750 299 808 348 VII.

136 435 248 494 talibus
264 438 430 496 Aeneadae
446 437 535 496 donis
552 433 703 515 dictisque
720 440 821 499 Latini

137 529 283 588 sublimes
299 529 329 586 in
346 529 432 605 equis
449 531 586 604 redeunt,
602 551 771 608 paceinque
787 543 952 610 reportant.

179 624 258 680 Ecce
274 633 375 680 autem
392 623 526 682 Inachiis
543 643 611 683 sese
626 625 778 684 referebat
794 628 832 686 ab
848 627 939 704 Argis

136 734 228 773 saeva
245 716 327 774 Iovis
343 715 484 790 coniunx,
502 737 653 794 aurasque
668 717 789 776 invecta
804 721 937 793 tenebat,

135 818 166 866 et
181 808 295 867 laetum
311 811 439 867 Aenean
456 809 647 887 classemque
663 831 700 870 ex
715 813 838 870 aethere
855 813 944 889 longe

137 901 325 959 Dardaniam
343 901 445 961 Siculo
459 903 616 979 prospexit
632 905 670 963 ab
686 923 784 980 usque
801 906 954 982 Pachyno.

135 994 232 1052 moliri
249 994 309 1052 iam
324 1004 406 1053 tecta
421 995 512 1069 videt,
530 997 589 1054 iam
604 997 698 1056 fidere
714 1008 820 1070 terrae,

135 1087 307 1146 deseruisse
323 1098 413 1148 rates.
460 1089 550 1148 Stetit
565 1089 627 1147 acri
642 1091 701 1148 fixa
717 1090 836 1163 dolore;

135 1189 198 1239 tum
215 1200 366 1256 quassans
383 1192 474 1258 caput
489 1183 566 1240 haec
581 1183 711 1241 effundit
727 1193 850 1259 pectore
866 1184 962 1242 dicta:

133 1273 193 1332 heu
210 1273 335 1350 stirpem
352 1275 489 1348 invisam,
507 1285 537 1333 et
552 1275 625 1334 fatis
641 1276 793 1334 contraria
808 1276 921 1335 nostris

133 1367 196 1424 fata
214 1368 379 1446 Phrygum!
402 1387 474 1425 num
492 1368 589 1444 Sigeis
605 1370 786 1428 occumbere
801 1369 926 1445 campis

133 1479 206 1517 num
222 1461 304 1536 capti
319 1471 446 1536 potuere
462 1461 550 1536 capi?
573 1481 645 1518 num
662 1462 788 1520 incensa
803 1463 948 1521 cremavit

132 1553 225 1611 Troia
240 1553 341 1612 viros?
364 1554 481 1612 medias
497 1553 578 1612 acies
594 1555 773 1631 mediosque
788 1575 843 1632 per
857 1555 936 1632 ignis

132 1645 276 1704 invenere
292 1646 380 1706 viam.
426 1649 476 1720 At,
493 1647 593 1720 cred0‚
610 1667 678 1706 mea
693 1648 819 1706 numina
834 1649 959 1707 tandem

131 1739 214 1797 fessa
231 1739 339 1811 iacent,
357 1739 434 1798 odiis
451 1750 503 1798 aut
518 1749 692 1798 exsaturata
708 1741 817 1817 quievi.
829 1778 872 1785 —

132 1831 205 1907 quin
222 1832 313 1890 etiam
328 1832 427 1908 patria
442 1851 588 1891 excussos
600 1820 716 1892 'infesta
730 1854 784 1910 per
799 1835 898 1893 undas

132 1943 206 1982 ausa
222 1925 310 2001 sequi
325 1935 356 1983 et
371 1925 507 2002 profugis
523 1935 588 1984 toto
604 1945 652 1984 me
668 1932 823 2002 opponere
839 1938 943 2004 ponto.

131 2017 312 2093 absumptae
328 2017 359 2075 in
375 2019 511 2077 Teucros
527 2019 606 2077 vires
622 2020 759 2095 caelique
775 2021 937 2096 marisque.

131 2109 204 2186 quid
223 2113 334 2189 Syrtes
352 2121 404 2168 aut
421 2112 520 2189 Scylla
535 2111 618 2184 mihi,
636 2112 710 2188 quid
724 2123 811 2171 vasta
828 2114 1000 2192 Charybdis

129 2203 263 2278 profuit?
287 2213 392 2280 optato
408 2205 581 2262 conduntur
597 2205 762 2282 Thybridis
778 2206 874 2279 alveo,

130 2296 228 2354 securi
244 2297 344 2373 pelagi
360 2307 452 2373 atque
468 2297 536 2357 mei.
582 2300 667 2356 Mars
682 2299 810 2374 perdere
825 2309 948 2375 gentem

129 2388 293 2448 immanem
309 2390 474 2466 Lapithum
489 2391 584 2448 valuit
597 2415 604 2463 ;
627 2391 780 2449 concessit
796 2391 827 2449 in
842 2391 902 2452 iras

129 2481 194 2558 ipse
211 2482 302 2540 deum
319 2483 476 2559 antiquam
491 2483 611 2559 genitor
627 2484 787 2561 Calydona
804 2485 937 2544 Dianae:

129 2575 213 2651 quod
235 2576 335 2634 scelus
362 2586 413 2634 aut
436 2576 584 2651 Lapithas
606 2585 734 2648 tantum,
751 2587 803 2636 aut
826 2579 986 2656 Calydona

213 2672 399 2727 merentem?

129 2771 176 2820 ast
192 2781 258 2838 eg0,
276 2781 386 2838 magna
403 2761 485 2819 Iovis
502 2762 642 2834 coniunx,
660 2763 701 2819 nil
718 2763 855 2838 linquere
871 2765 1011 2824 inausum

129 2873 207 2930 quae
223 2854 309 2930 potui
325 2854 439 2926 infelix,
456 2873 535 2930 quae
551 2864 662 2913 memet
678 2855 708 2912 in
724 2856 827 2914 omnia
842 2858 926 2928 verti,
992 2887 994 2894 ·

129 2947 233 3006 vincor
249 2948 287 3006 ab
304 2950 419 3005 Aenea.
465 2947 557 3020 Quod
574 2947 599 3004 si
615 2966 683 3005 mea
698 2949 824 3006 numina
840 2969 901 3008 non
917 2962 988 3009 sunt
1075 2965 1126 3016 310

129 3059 239 3118 magna
261 3039 345 3112 satiS,
370 3040 507 3098 dubitem
529 3040 612 3098 haud
634 3041 776 3116 equidem
795 3041 956 3118 implorare
979 3044 1063 3120 quod

211 3152 340 3209 usquam
362 3143 417 3191 est.

174 3297 220 3346 293
239 3283 362 3346 stirpem,
372 3290 575 3346 gentem-294
593 3286 755 3348 occumbere,
774 3287 969 3350 moriri.—299
986 3300 1125 3355 excussos,

128 3361 251 3421 ‘xpulsou
261 3387 295 3395 -
302 3371 350 3422 305
363 3359 519 3424 immanem,
532 3363 664 3423 ingentem.
672 3361 810 3426 -valuit,
818 3364 910 3424 potuit.

408 3439 455 3546 d
