2442 3716
118 279 155 325 12
433 277 606 321 AENEIDOS
638 277 703 322 LIB.
728 278 787 323 VII.

113 419 245 490 invocat,
262 427 292 476 et
307 416 438 492 duplicis
455 416 611 492 Caeloque
629 417 790 493 Ereboque
805 428 959 494 parentes

113 511 163 568 hic
178 520 266 586 pater
281 509 475 585 omnipotens
491 518 537 567 ter
553 509 638 568 caelo
654 510 753 568 clarus
770 511 808 569 ab
825 511 887 568 alto

114 603 254 674 intonuit,
271 602 426 677 radiisque
443 602 601 660 ardentem
617 602 693 660 lucis
709 612 740 660 et
756 623 828 661 auro

114 696 179 772 ipse
195 715 287 752 manu
303 694 445 770 quatiens
461 694 596 753 ostendit
612 695 651 753 ab
667 696 790 753 aethere
806 697 927 754 nubem.

114 789 228 847 diditur
242 787 292 846 hic
308 787 409 846 subito
426 787 560 844 Troiana
581 807 635 863 per
651 788 772 864 agmina
787 808 896 861 rumor,

115 881 277 940 advenisse
293 880 383 952 diem,
401 899 462 955 quo
478 879 583 938 debita
599 881 720 938 moenia
735 882 879 940 condant.

114 973 252 1032 certatim
268 973 440 1030 instaurant
455 973 571 1048 epulas,
589 982 681 1048 atque
696 974 798 1032 omine
814 993 925 1050 magno

114 1075 247 1124 crateras
263 1065 334 1123 laeti
351 1075 489 1124 statuunt
504 1075 535 1123 et
549 1066 621 1124 vina
636 1076 792 1126 coronant.

157 1245 283 1300 Postera
299 1261 367 1300 cum
383 1242 479 1317 prima
495 1243 644 1300 lustrabat
660 1243 800 1318 lampade
815 1253 911 1301 terras

114 1346 180 1394 orta
196 1335 271 1408 dies,
288 1336 393 1392 urbem
410 1345 440 1392 et
455 1335 524 1392 finis
541 1344 571 1392 et
587 1335 675 1392 litora
690 1335 790 1411 gentis

114 1427 226 1487 diversi
242 1428 414 1504 explorant:
438 1427 514 1484 haec
530 1427 624 1484 fontis
641 1436 749 1504 stagna
766 1429 895 1501 Numici,

113 1522 196 1579 hunc
211 1520 358 1598 Thybrim
374 1519 506 1592 fluvium,
520 1519 570 1576 hic
585 1520 672 1578 fortis
688 1521 826 1578 habitare
843 1522 979 1580 Latinos,

114 1623 178 1672 tum
194 1622 278 1671 satus
295 1612 433 1670 Anchisa
448 1612 584 1670 delectos
601 1613 707 1670 ordine
724 1614 762 1671 ab
778 1613 861 1670 omni

114 1716 236 1764 centum
252 1714 389 1763 oratores
405 1715 535 1782 augusta
550 1705 589 1763 ad
605 1705 726 1763 moenia
741 1706 821 1783 regis

113 1799 156 1857 ire
171 1798 265 1871 iubet,
281 1798 373 1856 ramis
388 1798 506 1856 velatos
523 1798 657 1856 Palladis
673 1799 781 1871 omnis,

113 1892 256 1967 donaque
271 1891 350 1950 ferre
366 1891 439 1964 viro,
456 1911 625 1967 pacemque
642 1911 806 1967 exposcere
822 1893 958 1952 Teucris.

113 1984 196 2042 haud
211 2003 304 2056 mora,
321 1983 470 2042 festinant
485 1984 560 2042 iussi
575 1984 751 2060 rapidisque
767 1985 905 2043 feruntur

113 2077 266 2154 passibus
312 2079 384 2153 Ipse
400 2077 507 2134 humili
523 2077 664 2153 designat
680 2077 801 2134 moenia
815 2078 909 2150 fossa,

113 2170 296 2246 moliturque
312 2170 421 2243 locum,
438 2170 613 2246 primasque
629 2169 660 2227 in
676 2169 763 2228 litore
779 2171 869 2228 sedes

113 2273 281 2322 castrorum
297 2263 328 2320 in
344 2282 458 2320 morem
474 2262 576 2339 pinnis
593 2272 684 2338 atque
701 2282 810 2339 aggere
827 2263 928 2340 cingit.

112 2357 234 2431 iamque
250 2355 307 2413 iter
322 2355 439 2413 emensi
454 2365 551 2414 turres
568 2375 604 2412 ac
619 2365 700 2412 tecta
716 2355 894 2413 Latinorum

113 2449 208 2507 ardua
223 2449 391 2507 cernebant
406 2448 541 2520 iuvenes,
558 2466 705 2523 muroque
722 2447 875 2506 subibant.

113 2552 184 2601 ante
200 2542 306 2600 urbem
321 2541 407 2618 pueri
422 2551 453 2599 et
468 2541 623 2617 primaevo
638 2540 712 2598 flore
728 2539 869 2599 iuventus

112 2644 292 2694 exercentur
307 2634 403 2710 equis,
420 2634 633 2709 domitantque
649 2633 680 2690 in
695 2633 819 2710 pulvere
835 2653 948 2706 currus

113 2738 165 2787 aut
180 2727 257 2786 acris
273 2728 405 2785 tendunt
421 2746 517 2800 arcus,
535 2736 587 2784 aut
603 2726 686 2784 lenta
701 2727 821 2784 lacertis

113 2821 231 2898 spicula
246 2830 458 2897 contorquent,
476 2839 627 2896 cursuque
643 2819 766 2895 ictuque
782 2819 950 2878 lacessunt:

113 2935 181 2973 cum
196 2923 376 2990 praevectus
393 2933 473 2990 equo
489 2913 629 2989 longaevi
644 2912 724 2989 regis
741 2912 780 2969 ad
796 2913 876 2970 auris

112 3007 237 3066 nuntius
253 3006 386 3083 ingentis
402 3006 507 3083 ignota
523 3006 554 3063 in
569 3015 654 3064 veste
670 3014 804 3081 reportat

137 3197 145 3207 =
160 3188 205 3234 140
220 3173 348 3238 duplicis,
361 3175 459 3220 duo.—
469 3186 515 3232 144
533 3172 646 3236 diditur,
659 3173 811 3234 affirma-
821 3185 864 3232 147
879 3171 956 3236 vina,
963 3174 1109 3233 pocula.-

115 3264 159 3316 15²
173 3252 260 3315 satus,
271 3250 442 3312 natus,filius.
450 3277 484 3285 -
494 3261 539 3313 153
549 3249 676 3313 oratores,
686 3249 808 3310 legata-
818 3247 862 3312 158
873 3248 959 3313 sedes,
969 3249 1107 3299 domicilia.

114 3327 144 3377 16
147 3339 160 3392 5
172 3327 319 3392 lacessunt,
331 3327 493 3376 contendunt.
