<?xml version="1.0" encoding="UTF-8"?>
<!DOCTYPE html PUBLIC "-//W3C//DTD XHTML 1.0 Transitional//EN"
    "http://www.w3.org/TR/xhtml1/DTD/xhtml1-transitional.dtd">
<html xmlns="http://www.w3.org/1999/xhtml" xml:lang="en" lang="en">
 <head>
  <title>
</title>
<meta http-equiv="Content-Type" content="text/html;charset=utf-8" />
  <meta name='ocr-system' content='tesseract 3.04.00' />
  <meta name='ocr-capabilities' content='ocr_page ocr_carea ocr_par ocr_line ocrx_word'/>
</head>
<body>
  <div class='ocr_page' id='page_1' title='image "./seventhbookverg02virggoog_0037.png"; bbox 0 0 2442 3716; ppageno 0'>
   <div class='ocr_carea' id='block_1_1' title="bbox 70 233 741 296">
    <p class='ocr_par' dir='ltr' id='par_1_1' title="bbox 70 233 741 296">
     <span class='ocr_line' id='line_1_1' title="bbox 70 233 741 296; baseline 0.003 -4"><span class='ocrx_word' id='word_1_1' title='bbox 70 233 88 293; x_wconf 92' lang='lat'>8</span> <span class='ocrx_word' id='word_1_2' title='bbox 388 249 562 294; x_wconf 70' lang='lat' dir='ltr'>neustrios</span> <span class='ocrx_word' id='word_1_3' title='bbox 594 251 659 295; x_wconf 79' lang='lat' dir='ltr'>Lm.</span> <span class='ocrx_word' id='word_1_4' title='bbox 683 251 741 296; x_wconf 86' lang='lat' dir='ltr'>vu.</span> 
     </span>
    </p>
   </div>
   <div class='ocr_carea' id='block_1_2' title="bbox 67 386 1062 3159">
    <p class='ocr_par' dir='ltr' id='par_1_2' title="bbox 67 386 1062 3159">
     <span class='ocr_line' id='line_1_2' title="bbox 68 386 874 465; baseline 0.001 -19"><span class='ocrx_word' id='word_1_5' title='bbox 68 386 175 463; x_wconf 82' lang='lat' dir='ltr'>ipsam,</span> <span class='ocrx_word' id='word_1_6' title='bbox 193 387 249 446; x_wconf 87' lang='lat' dir='ltr'>sed</span> <span class='ocrx_word' id='word_1_7' title='bbox 263 388 378 464; x_wconf 89' lang='lat' dir='ltr'>populo</span> <span class='ocrx_word' id='word_1_8' title='bbox 393 407 537 464; x_wconf 88' lang='lat' dir='ltr'>magnum</span> <span class='ocrx_word' id='word_1_9' title='bbox 553 390 737 465; x_wconf 83' lang='lat' dir='ltr'>portendere</span> <span class='ocrx_word' id='word_1_10' title='bbox 751 389 874 448; x_wconf 92' lang='lat' dir='ltr'>bellum.</span> 
     </span>
     <span class='ocr_line' id='line_1_3' title="bbox 68 480 760 554; baseline 0 -16"><span class='ocrx_word' id='word_1_11' title='bbox 68 489 99 538; x_wconf 90' lang='lat' dir='ltr'>at</span> <span class='ocrx_word' id='word_1_12' title='bbox 114 499 166 538; x_wconf 86' lang='lat' dir='ltr'>rex</span> <span class='ocrx_word' id='word_1_13' title='bbox 182 480 330 538; x_wconf 91' lang='lat' dir='ltr'>sollicitus</span> <span class='ocrx_word' id='word_1_14' title='bbox 346 481 499 554; x_wconf 77' lang='lat' dir='ltr'>monstriS,</span> <span class='ocrx_word' id='word_1_15' title='bbox 516 481 639 540; x_wconf 87' lang='lat' dir='ltr'>oracula</span> <span class='ocrx_word' id='word_1_16' title='bbox 655 481 760 554; x_wconf 86' lang='lat' dir='ltr'>Fauni,</span> 
     </span>
     <span class='ocr_line' id='line_1_4' title="bbox 67 571 837 650; baseline -0.004 -20"><span class='ocrx_word' id='word_1_17' title='bbox 67 571 185 631; x_wconf 79' lang='lat' dir='ltr'>fatidici</span> <span class='ocrx_word' id='word_1_18' title='bbox 199 571 356 649; x_wconf 87' lang='lat' dir='ltr'>genitoris,</span> <span class='ocrx_word' id='word_1_19' title='bbox 374 573 446 646; x_wconf 91' lang='lat' dir='ltr'>adit,</span> <span class='ocrx_word' id='word_1_20' title='bbox 464 574 610 650; x_wconf 91' lang='lat' dir='ltr'>lucosque</span> <span class='ocrx_word' id='word_1_21' title='bbox 626 575 683 633; x_wconf 92' lang='lat' dir='ltr'>sub</span> <span class='ocrx_word' id='word_1_22' title='bbox 700 575 762 632; x_wconf 89' lang='lat' dir='ltr'>alta</span> <span class='ocrx_word' id='word_1_23' title='bbox 835 623 837 627; x_wconf 89' lang='lat'><em>.</em></span> 
     </span>
     <span class='ocr_line' id='line_1_5' title="bbox 68 667 887 742; baseline 0.002 -19"><span class='ocrx_word' id='word_1_24' title='bbox 68 667 200 724; x_wconf 87' lang='lat' dir='ltr'>consulit</span> <span class='ocrx_word' id='word_1_25' title='bbox 215 667 366 738; x_wconf 89' lang='lat' dir='ltr'>Albunea,</span> <span class='ocrx_word' id='word_1_26' title='bbox 384 685 542 724; x_wconf 90' lang='lat' dir='ltr'>nemorum</span> <span class='ocrx_word' id='word_1_27' title='bbox 558 686 637 742; x_wconf 91' lang='lat' dir='ltr'>quae</span> <span class='ocrx_word' id='word_1_28' title='bbox 653 667 784 725; x_wconf 89' lang='lat' dir='ltr'>maxima</span> <span class='ocrx_word' id='word_1_29' title='bbox 800 687 887 726; x_wconf 91' lang='lat' dir='ltr'>sacro</span> 
     </span>
     <span class='ocr_line' id='line_1_6' title="bbox 67 759 902 836; baseline 0.004 -21"><span class='ocrx_word' id='word_1_30' title='bbox 67 760 153 818; x_wconf 86' lang='lat' dir='ltr'>fonte</span> <span class='ocrx_word' id='word_1_31' title='bbox 169 768 266 831; x_wconf 91' lang='lat' dir='ltr'>sonat,</span> <span class='ocrx_word' id='word_1_32' title='bbox 284 778 469 834; x_wconf 90' lang='lat' dir='ltr'>saevamque</span> <span class='ocrx_word' id='word_1_33' title='bbox 485 759 607 818; x_wconf 83' lang='lat' dir='ltr'>exhalat</span> <span class='ocrx_word' id='word_1_34' title='bbox 622 779 719 835; x_wconf 89' lang='lat' dir='ltr'>opaca</span> <span class='ocrx_word' id='word_1_35' title='bbox 735 760 902 836; x_wconf 86' lang='lat' dir='ltr'>mephitim.</span> 
     </span>
     <span class='ocr_line' id='line_1_7' title="bbox 67 852 821 929; baseline 0.003 -20"><span class='ocrx_word' id='word_1_36' title='bbox 67 852 139 910; x_wconf 88' lang='lat' dir='ltr'>hinc</span> <span class='ocrx_word' id='word_1_37' title='bbox 155 852 252 910; x_wconf 89' lang='lat' dir='ltr'>Italae</span> <span class='ocrx_word' id='word_1_38' title='bbox 266 861 375 929; x_wconf 87' lang='lat' dir='ltr'>gentes</span> <span class='ocrx_word' id='word_1_39' title='bbox 391 852 552 928; x_wconf 88' lang='lat' dir='ltr'>omnisque</span> <span class='ocrx_word' id='word_1_40' title='bbox 568 852 716 911; x_wconf 87' lang='lat' dir='ltr'>Oenotria</span> <span class='ocrx_word' id='word_1_41' title='bbox 731 853 821 911; x_wconf 91' lang='lat' dir='ltr'>tellus</span> 
     </span>
     <span class='ocr_line' id='line_1_8' title="bbox 67 933 877 1022; baseline 0.001 -19"><span class='ocrx_word' id='word_1_42' title='bbox 67 946 98 1003; x_wconf 92' lang='lat' dir='ltr'>in</span> <span class='ocrx_word' id='word_1_43' title='bbox 115 944 216 1003; x_wconf 90' lang='lat' dir='ltr'>dubiis</span> <span class='ocrx_word' id='word_1_44' title='bbox 231 964 380 1020; x_wconf 87' lang='lat' dir='ltr'>responsa</span> <span class='ocrx_word' id='word_1_45' title='bbox 395 955 517 1022; x_wconf 91' lang='lat' dir='ltr'>petunt;</span> <span class='ocrx_word' id='word_1_46' title='bbox 539 945 599 1003; x_wconf 92' lang='lat' dir='ltr'>huc</span> <span class='ocrx_word' id='word_1_47' title='bbox 615 946 696 1004; x_wconf 91' lang='lat' dir='ltr'>dona</span> <span class='ocrx_word' id='word_1_48' title='bbox 712 945 855 1004; x_wconf 88' lang='lat' dir='ltr'>sacerdos</span> <span class='ocrx_word' id='word_1_49' title='bbox 875 933 877 936; x_wconf 33' lang='lat'>¹</span> 
     </span>
     <span class='ocr_line' id='line_1_9' title="bbox 67 1037 855 1097; baseline -0.001 -1"><span class='ocrx_word' id='word_1_50' title='bbox 67 1057 136 1096; x_wconf 90' lang='lat' dir='ltr'>cum</span> <span class='ocrx_word' id='word_1_51' title='bbox 152 1037 220 1096; x_wconf 92' lang='lat' dir='ltr'>tulit</span> <span class='ocrx_word' id='word_1_52' title='bbox 236 1047 266 1096; x_wconf 94' lang='lat' dir='ltr'>et</span> <span class='ocrx_word' id='word_1_53' title='bbox 282 1057 440 1096; x_wconf 90' lang='lat' dir='ltr'>caesarum</span> <span class='ocrx_word' id='word_1_54' title='bbox 456 1039 557 1096; x_wconf 93' lang='lat' dir='ltr'>ovium</span> <span class='ocrx_word' id='word_1_55' title='bbox 573 1039 630 1096; x_wconf 92' lang='lat' dir='ltr'>sub</span> <span class='ocrx_word' id='word_1_56' title='bbox 646 1048 736 1096; x_wconf 92' lang='lat' dir='ltr'>nocte</span> <span class='ocrx_word' id='word_1_57' title='bbox 753 1037 855 1097; x_wconf 88' lang='lat' dir='ltr'>silenti</span> 
     </span>
     <span class='ocr_line' id='line_1_10' title="bbox 67 1131 806 1207; baseline 0.001 -18"><span class='ocrx_word' id='word_1_58' title='bbox 67 1131 198 1207; x_wconf 91' lang='lat' dir='ltr'>pellibus</span> <span class='ocrx_word' id='word_1_59' title='bbox 215 1131 353 1190; x_wconf 88' lang='lat' dir='ltr'>incubuit</span> <span class='ocrx_word' id='word_1_60' title='bbox 368 1131 471 1190; x_wconf 89' lang='lat' dir='ltr'>stratis</span> <span class='ocrx_word' id='word_1_61' title='bbox 488 1151 674 1207; x_wconf 90' lang='lat' dir='ltr'>somnosque</span> <span class='ocrx_word' id='word_1_62' title='bbox 689 1131 806 1207; x_wconf 93' lang='lat' dir='ltr'>petivit,</span> 
     </span>
     <span class='ocr_line' id='line_1_11' title="bbox 67 1223 835 1296; baseline 0.003 -16"><span class='ocrx_word' id='word_1_63' title='bbox 67 1225 162 1282; x_wconf 91' lang='lat' dir='ltr'>multa</span> <span class='ocrx_word' id='word_1_64' title='bbox 177 1223 277 1282; x_wconf 92' lang='lat' dir='ltr'>modis</span> <span class='ocrx_word' id='word_1_65' title='bbox 293 1224 455 1282; x_wconf 87' lang='lat' dir='ltr'>simulacra</span> <span class='ocrx_word' id='word_1_66' title='bbox 470 1223 553 1282; x_wconf 92' lang='lat' dir='ltr'>videt</span> <span class='ocrx_word' id='word_1_67' title='bbox 568 1223 728 1282; x_wconf 89' lang='lat' dir='ltr'>volitantia</span> <span class='ocrx_word' id='word_1_68' title='bbox 743 1224 835 1296; x_wconf 92' lang='lat' dir='ltr'>miris,</span> 
     </span>
     <span class='ocr_line' id='line_1_12' title="bbox 68 1308 878 1392; baseline 0 -18"><span class='ocrx_word' id='word_1_69' title='bbox 68 1327 98 1375; x_wconf 91' lang='lat' dir='ltr'>et</span> <span class='ocrx_word' id='word_1_70' title='bbox 113 1316 212 1374; x_wconf 92' lang='lat' dir='ltr'>varias</span> <span class='ocrx_word' id='word_1_71' title='bbox 229 1316 313 1373; x_wconf 90' lang='lat' dir='ltr'>audit</span> <span class='ocrx_word' id='word_1_72' title='bbox 328 1336 429 1390; x_wconf 77' lang='lat' dir='ltr'>voceS,</span> <span class='ocrx_word' id='word_1_73' title='bbox 446 1316 615 1392; x_wconf 82' lang='lat' dir='ltr'>fruiturque</span> <span class='ocrx_word' id='word_1_74' title='bbox 632 1317 757 1374; x_wconf 92' lang='lat' dir='ltr'>deorum</span> <span class='ocrx_word' id='word_1_75' title='bbox 873 1308 878 1319; x_wconf 77' lang='grc'><strong>’</strong></span> 
     </span>
     <span class='ocr_line' id='line_1_13' title="bbox 68 1408 920 1484; baseline 0.002 -18"><span class='ocrx_word' id='word_1_76' title='bbox 68 1408 240 1484; x_wconf 92' lang='lat' dir='ltr'>conloqui0,</span> <span class='ocrx_word' id='word_1_77' title='bbox 259 1418 350 1484; x_wconf 92' lang='lat' dir='ltr'>atque</span> <span class='ocrx_word' id='word_1_78' title='bbox 366 1409 434 1466; x_wconf 92' lang='lat' dir='ltr'>imis</span> <span class='ocrx_word' id='word_1_79' title='bbox 450 1409 627 1468; x_wconf 87' lang='lat' dir='ltr'>Acheronta</span> <span class='ocrx_word' id='word_1_80' title='bbox 643 1410 765 1467; x_wconf 77' lang='lat' dir='ltr'>adfatur</span> <span class='ocrx_word' id='word_1_81' title='bbox 780 1410 920 1468; x_wconf 80' lang='lat' dir='ltr'>Avernis</span> 
     </span>
     <span class='ocr_line' id='line_1_14' title="bbox 68 1501 860 1578; baseline 0.003 -20"><span class='ocrx_word' id='word_1_82' title='bbox 68 1503 117 1559; x_wconf 92' lang='lat' dir='ltr'>hic</span> <span class='ocrx_word' id='word_1_83' title='bbox 133 1511 163 1560; x_wconf 92' lang='lat' dir='ltr'>et</span> <span class='ocrx_word' id='word_1_84' title='bbox 178 1511 243 1558; x_wconf 91' lang='lat' dir='ltr'>tum</span> <span class='ocrx_word' id='word_1_85' title='bbox 258 1511 345 1576; x_wconf 88' lang='lat' dir='ltr'>pater</span> <span class='ocrx_word' id='word_1_86' title='bbox 361 1501 426 1576; x_wconf 92' lang='lat' dir='ltr'>ipse</span> <span class='ocrx_word' id='word_1_87' title='bbox 442 1511 551 1578; x_wconf 90' lang='lat' dir='ltr'>petens</span> <span class='ocrx_word' id='word_1_88' title='bbox 567 1521 716 1578; x_wconf 88' lang='lat' dir='ltr'>responsa</span> <span class='ocrx_word' id='word_1_89' title='bbox 732 1503 860 1562; x_wconf 90' lang='lat' dir='ltr'>Latinus</span> 
     </span>
     <span class='ocr_line' id='line_1_15' title="bbox 68 1593 752 1670; baseline 0.003 -18"><span class='ocrx_word' id='word_1_90' title='bbox 68 1604 191 1652; x_wconf 90' lang='lat' dir='ltr'>centurn</span> <span class='ocrx_word' id='word_1_91' title='bbox 207 1593 358 1670; x_wconf 86' lang='lat' dir='ltr'>lanigeras</span> <span class='ocrx_word' id='word_1_92' title='bbox 374 1603 521 1652; x_wconf 90' lang='lat' dir='ltr'>mactarat</span> <span class='ocrx_word' id='word_1_93' title='bbox 536 1595 592 1652; x_wconf 88' lang='lat' dir='ltr'>rite</span> <span class='ocrx_word' id='word_1_94' title='bbox 607 1595 752 1668; x_wconf 84' lang='lat' dir='ltr'>bidentis,</span> 
     </span>
     <span class='ocr_line' id='line_1_16' title="bbox 69 1687 839 1764; baseline 0.003 -20"><span class='ocrx_word' id='word_1_95' title='bbox 69 1697 160 1763; x_wconf 92' lang='lat' dir='ltr'>atque</span> <span class='ocrx_word' id='word_1_96' title='bbox 176 1687 283 1744; x_wconf 91' lang='lat' dir='ltr'>harum</span> <span class='ocrx_word' id='word_1_97' title='bbox 299 1687 422 1745; x_wconf 85' lang='lat' dir='ltr'>effultus</span> <span class='ocrx_word' id='word_1_98' title='bbox 438 1696 523 1764; x_wconf 88' lang='lat' dir='ltr'>tergo</span> <span class='ocrx_word' id='word_1_99' title='bbox 538 1687 703 1764; x_wconf 89' lang='lat' dir='ltr'>stratisque</span> <span class='ocrx_word' id='word_1_100' title='bbox 718 1687 839 1747; x_wconf 90' lang='lat' dir='ltr'>iacebat</span> 
     </span>
     <span class='ocr_line' id='line_1_17' title="bbox 68 1779 867 1840; baseline 0.003 -2"><span class='ocrx_word' id='word_1_101' title='bbox 68 1780 245 1838; x_wconf 88' lang='lat' dir='ltr'>velleribus:</span> <span class='ocrx_word' id='word_1_102' title='bbox 269 1779 370 1837; x_wconf 89' lang='lat' dir='ltr'>subita</span> <span class='ocrx_word' id='word_1_103' title='bbox 385 1799 422 1838; x_wconf 85' lang='lat' dir='ltr'>ex</span> <span class='ocrx_word' id='word_1_104' title='bbox 438 1780 499 1838; x_wconf 89' lang='lat' dir='ltr'>alto</span> <span class='ocrx_word' id='word_1_105' title='bbox 514 1800 573 1838; x_wconf 91' lang='lat' dir='ltr'>vox</span> <span class='ocrx_word' id='word_1_106' title='bbox 588 1781 707 1839; x_wconf 89' lang='lat' dir='ltr'>reddita</span> <span class='ocrx_word' id='word_1_107' title='bbox 723 1781 792 1839; x_wconf 91' lang='lat' dir='ltr'>luco</span> <span class='ocrx_word' id='word_1_108' title='bbox 807 1791 867 1840; x_wconf 89' lang='lat' dir='ltr'>est:</span> 
     </span>
     <span class='ocr_line' id='line_1_18' title="bbox 69 1872 745 1949; baseline 0.003 -19"><span class='ocrx_word' id='word_1_109' title='bbox 69 1893 107 1932; x_wconf 91' lang='lat' dir='ltr'>ne</span> <span class='ocrx_word' id='word_1_110' title='bbox 123 1882 193 1949; x_wconf 90' lang='lat' dir='ltr'>pete</span> <span class='ocrx_word' id='word_1_111' title='bbox 210 1872 349 1930; x_wconf 90' lang='lat' dir='ltr'>conubiis</span> <span class='ocrx_word' id='word_1_112' title='bbox 365 1882 468 1930; x_wconf 90' lang='lat' dir='ltr'>natam</span> <span class='ocrx_word' id='word_1_113' title='bbox 484 1873 600 1931; x_wconf 87' lang='lat' dir='ltr'>sociare</span> <span class='ocrx_word' id='word_1_114' title='bbox 618 1873 745 1947; x_wconf 80' lang='lat' dir='ltr'>Latinis,</span> 
     </span>
     <span class='ocr_line' id='line_1_19' title="bbox 69 1965 838 2043; baseline 0 -18"><span class='ocrx_word' id='word_1_115' title='bbox 69 1986 87 2025; x_wconf 92' lang='lat' dir='ltr'>o</span> <span class='ocrx_word' id='word_1_116' title='bbox 103 1985 171 2024; x_wconf 92' lang='lat' dir='ltr'>mea</span> <span class='ocrx_word' id='word_1_117' title='bbox 186 1965 356 2042; x_wconf 66' lang='lat' dir='ltr'>progenies</span> <span class='ocrx_word' id='word_1_118' title='bbox 374 1965 515 2023; x_wconf 88' lang='lat' dir='ltr'>thalamis</span> <span class='ocrx_word' id='word_1_119' title='bbox 531 1985 591 2023; x_wconf 91' lang='lat' dir='ltr'>neu</span> <span class='ocrx_word' id='word_1_120' title='bbox 606 1967 696 2024; x_wconf 90' lang='lat' dir='ltr'>crede</span> <span class='ocrx_word' id='word_1_121' title='bbox 711 1967 838 2043; x_wconf 90' lang='lat' dir='ltr'>paratis;</span> 
     </span>
     <span class='ocr_line' id='line_1_20' title="bbox 69 2057 842 2135; baseline 0 -18"><span class='ocrx_word' id='word_1_122' title='bbox 69 2058 185 2117; x_wconf 86' lang='lat' dir='ltr'>externi</span> <span class='ocrx_word' id='word_1_123' title='bbox 201 2057 328 2116; x_wconf 91' lang='lat' dir='ltr'>veniunt</span> <span class='ocrx_word' id='word_1_124' title='bbox 342 2057 454 2134; x_wconf 84' lang='lat' dir='ltr'>generi,</span> <span class='ocrx_word' id='word_1_125' title='bbox 473 2058 525 2135; x_wconf 91' lang='lat' dir='ltr'>qui</span> <span class='ocrx_word' id='word_1_126' title='bbox 541 2059 689 2135; x_wconf 89' lang='lat' dir='ltr'>sanguine</span> <span class='ocrx_word' id='word_1_127' title='bbox 704 2069 842 2117; x_wconf 88' lang='lat' dir='ltr'>nostrum</span> 
     </span>
     <span class='ocr_line' id='line_1_21' title="bbox 70 2151 966 2229; baseline 0.004 -21"><span class='ocrx_word' id='word_1_128' title='bbox 70 2171 181 2210; x_wconf 90' lang='lat' dir='ltr'>nomen</span> <span class='ocrx_word' id='word_1_129' title='bbox 197 2151 228 2208; x_wconf 92' lang='lat' dir='ltr'>in</span> <span class='ocrx_word' id='word_1_130' title='bbox 245 2160 326 2209; x_wconf 90' lang='lat' dir='ltr'>astra</span> <span class='ocrx_word' id='word_1_131' title='bbox 340 2151 448 2224; x_wconf 84' lang='lat' dir='ltr'>ferant,</span> <span class='ocrx_word' id='word_1_132' title='bbox 467 2170 656 2227; x_wconf 90' lang='lat' dir='ltr'>quorumque</span> <span class='ocrx_word' id='word_1_133' title='bbox 673 2152 711 2210; x_wconf 89' lang='lat' dir='ltr'>ab</span> <span class='ocrx_word' id='word_1_134' title='bbox 728 2152 821 2229; x_wconf 90' lang='lat' dir='ltr'>stirpe</span> <span class='ocrx_word' id='word_1_135' title='bbox 837 2163 966 2229; x_wconf 92' lang='lat' dir='ltr'>nepotes</span> 
     </span>
     <span class='ocr_line' id='line_1_22' title="bbox 70 2243 1062 2320; baseline 0.001 -18"><span class='ocrx_word' id='word_1_136' title='bbox 70 2245 172 2302; x_wconf 93' lang='lat' dir='ltr'>omnia</span> <span class='ocrx_word' id='word_1_137' title='bbox 188 2245 244 2302; x_wconf 89' lang='lat' dir='ltr'>sub</span> <span class='ocrx_word' id='word_1_138' title='bbox 261 2243 400 2320; x_wconf 81' lang='lat' dir='ltr'>pedibuS,</span> <span class='ocrx_word' id='word_1_139' title='bbox 419 2263 479 2319; x_wconf 90' lang='lat' dir='ltr'>qua</span> <span class='ocrx_word' id='word_1_140' title='bbox 496 2244 547 2302; x_wconf 90' lang='lat' dir='ltr'>Sol</span> <span class='ocrx_word' id='word_1_141' title='bbox 563 2253 724 2320; x_wconf 89' lang='lat' dir='ltr'>utrumque</span> <span class='ocrx_word' id='word_1_142' title='bbox 739 2265 897 2304; x_wconf 88' lang='lat' dir='ltr'>recurrens</span> <span class='ocrx_word' id='word_1_143' title='bbox 1017 2261 1062 2296; x_wconf 91' lang='lat'>100</span> 
     </span>
     <span class='ocr_line' id='line_1_23' title="bbox 70 2337 829 2414; baseline 0.004 -20"><span class='ocrx_word' id='word_1_144' title='bbox 70 2337 179 2413; x_wconf 90' lang='lat' dir='ltr'>aspicit</span> <span class='ocrx_word' id='word_1_145' title='bbox 196 2338 363 2408; x_wconf 90' lang='lat' dir='ltr'>Oceanum,</span> <span class='ocrx_word' id='word_1_146' title='bbox 380 2337 516 2412; x_wconf 91' lang='lat' dir='ltr'>vertique</span> <span class='ocrx_word' id='word_1_147' title='bbox 532 2337 657 2414; x_wconf 89' lang='lat' dir='ltr'>regique</span> <span class='ocrx_word' id='word_1_148' title='bbox 672 2337 829 2397; x_wconf 84' lang='lat' dir='ltr'>videbunt.</span> 
     </span>
     <span class='ocr_line' id='line_1_24' title="bbox 69 2428 863 2506; baseline 0 -18"><span class='ocrx_word' id='word_1_149' title='bbox 69 2431 146 2488; x_wconf 90' lang='lat' dir='ltr'>haec</span> <span class='ocrx_word' id='word_1_150' title='bbox 161 2449 310 2506; x_wconf 91' lang='lat' dir='ltr'>responsa</span> <span class='ocrx_word' id='word_1_151' title='bbox 325 2428 420 2504; x_wconf 90' lang='lat' dir='ltr'>patris</span> <span class='ocrx_word' id='word_1_152' title='bbox 438 2429 534 2487; x_wconf 89' lang='lat' dir='ltr'>Fauni</span> <span class='ocrx_word' id='word_1_153' title='bbox 550 2429 746 2506; x_wconf 91' lang='lat' dir='ltr'>monitusque</span> <span class='ocrx_word' id='word_1_154' title='bbox 762 2430 863 2489; x_wconf 92' lang='lat' dir='ltr'>silenti</span> 
     </span>
     <span class='ocr_line' id='line_1_25' title="bbox 70 2521 840 2598; baseline 0.001 -18"><span class='ocrx_word' id='word_1_155' title='bbox 70 2533 159 2582; x_wconf 92' lang='lat' dir='ltr'>nocte</span> <span class='ocrx_word' id='word_1_156' title='bbox 176 2523 265 2581; x_wconf 89' lang='lat' dir='ltr'>datos</span> <span class='ocrx_word' id='word_1_157' title='bbox 280 2541 342 2580; x_wconf 92' lang='lat' dir='ltr'>non</span> <span class='ocrx_word' id='word_1_158' title='bbox 358 2521 424 2598; x_wconf 89' lang='lat' dir='ltr'>ipse</span> <span class='ocrx_word' id='word_1_159' title='bbox 440 2541 495 2580; x_wconf 93' lang='lat' dir='ltr'>suo</span> <span class='ocrx_word' id='word_1_160' title='bbox 511 2522 620 2598; x_wconf 88' lang='lat' dir='ltr'>premit</span> <span class='ocrx_word' id='word_1_161' title='bbox 636 2542 687 2581; x_wconf 89' lang='lat' dir='ltr'>ore</span> <span class='ocrx_word' id='word_1_162' title='bbox 703 2523 840 2598; x_wconf 89' lang='lat' dir='ltr'>Latinus,</span> 
     </span>
     <span class='ocr_line' id='line_1_26' title="bbox 69 2615 836 2692; baseline 0.003 -18"><span class='ocrx_word' id='word_1_163' title='bbox 69 2617 125 2675; x_wconf 91' lang='lat' dir='ltr'>sed</span> <span class='ocrx_word' id='word_1_164' title='bbox 141 2615 254 2674; x_wconf 88' lang='lat' dir='ltr'>circum</span> <span class='ocrx_word' id='word_1_165' title='bbox 269 2615 329 2673; x_wconf 89' lang='lat' dir='ltr'>late</span> <span class='ocrx_word' id='word_1_166' title='bbox 344 2615 475 2674; x_wconf 90' lang='lat' dir='ltr'>volitans</span> <span class='ocrx_word' id='word_1_167' title='bbox 491 2615 551 2672; x_wconf 92' lang='lat' dir='ltr'>iam</span> <span class='ocrx_word' id='word_1_168' title='bbox 568 2617 662 2673; x_wconf 89' lang='lat' dir='ltr'>Fama</span> <span class='ocrx_word' id='word_1_169' title='bbox 677 2635 731 2692; x_wconf 92' lang='lat' dir='ltr'>per</span> <span class='ocrx_word' id='word_1_170' title='bbox 746 2617 836 2676; x_wconf 89' lang='lat' dir='ltr'>urbes</span> 
     </span>
     <span class='ocr_line' id='line_1_27' title="bbox 70 2708 797 2784; baseline 0 -16"><span class='ocrx_word' id='word_1_171' title='bbox 70 2709 225 2768; x_wconf 91' lang='lat' dir='ltr'>Ausonias</span> <span class='ocrx_word' id='word_1_172' title='bbox 241 2709 360 2782; x_wconf 89' lang='lat' dir='ltr'>tulerat,</span> <span class='ocrx_word' id='word_1_173' title='bbox 377 2727 445 2766; x_wconf 92' lang='lat' dir='ltr'>cum</span> <span class='ocrx_word' id='word_1_174' title='bbox 462 2708 685 2767; x_wconf 87' lang='lat' dir='ltr'>Laomedontia</span> <span class='ocrx_word' id='word_1_175' title='bbox 699 2710 797 2784; x_wconf 91' lang='lat' dir='ltr'>pubes</span> 
     </span>
     <span class='ocr_line' id='line_1_28' title="bbox 68 2801 803 2880; baseline -0.001 -19"><span class='ocrx_word' id='word_1_176' title='bbox 68 2803 225 2880; x_wconf 86' lang='lat' dir='ltr'>gramineo</span> <span class='ocrx_word' id='word_1_177' title='bbox 240 2802 324 2878; x_wconf 90' lang='lat' dir='ltr'>ripae</span> <span class='ocrx_word' id='word_1_178' title='bbox 339 2801 477 2878; x_wconf 89' lang='lat' dir='ltr'>religavit</span> <span class='ocrx_word' id='word_1_179' title='bbox 492 2803 531 2861; x_wconf 88' lang='lat' dir='ltr'>ab</span> <span class='ocrx_word' id='word_1_180' title='bbox 547 2820 657 2878; x_wconf 86' lang='lat' dir='ltr'>aggere</span> <span class='ocrx_word' id='word_1_181' title='bbox 673 2801 803 2860; x_wconf 88' lang='lat' dir='ltr'>classem</span> 
     </span>
     <span class='ocr_line' id='line_1_29' title="bbox 112 2894 799 2972; baseline -0.001 -18"><span class='ocrx_word' id='word_1_182' title='bbox 112 2900 235 2954; x_wconf 88' lang='lat' dir='ltr'>Aeneas</span> <span class='ocrx_word' id='word_1_183' title='bbox 250 2895 400 2972; x_wconf 90' lang='lat' dir='ltr'>primique</span> <span class='ocrx_word' id='word_1_184' title='bbox 416 2896 510 2954; x_wconf 89' lang='lat' dir='ltr'>duces</span> <span class='ocrx_word' id='word_1_185' title='bbox 526 2906 556 2953; x_wconf 90' lang='lat' dir='ltr'>et</span> <span class='ocrx_word' id='word_1_186' title='bbox 571 2894 698 2971; x_wconf 90' lang='lat' dir='ltr'>pulcher</span> <span class='ocrx_word' id='word_1_187' title='bbox 714 2895 799 2953; x_wconf 90' lang='lat' dir='ltr'>Iulus</span> 
     </span>
     <span class='ocr_line' id='line_1_30' title="bbox 70 2987 787 3066; baseline -0.003 -18"><span class='ocrx_word' id='word_1_188' title='bbox 70 3009 197 3066; x_wconf 91' lang='lat' dir='ltr'>corpora</span> <span class='ocrx_word' id='word_1_189' title='bbox 213 2991 270 3048; x_wconf 93' lang='lat' dir='ltr'>sub</span> <span class='ocrx_word' id='word_1_190' title='bbox 286 2989 376 3047; x_wconf 91' lang='lat' dir='ltr'>ramis</span> <span class='ocrx_word' id='word_1_191' title='bbox 393 2989 551 3064; x_wconf 91' lang='lat' dir='ltr'>deponunt</span> <span class='ocrx_word' id='word_1_192' title='bbox 567 2987 683 3047; x_wconf 91' lang='lat' dir='ltr'>arboris</span> <span class='ocrx_word' id='word_1_193' title='bbox 699 2988 787 3062; x_wconf 87' lang='lat' dir='ltr'>altae,</span> 
     </span>
     <span class='ocr_line' id='line_1_31' title="bbox 70 3081 879 3159; baseline 0 -20"><span class='ocrx_word' id='word_1_194' title='bbox 70 3081 294 3159; x_wconf 90' lang='lat' dir='ltr'>instituuntque</span> <span class='ocrx_word' id='word_1_195' title='bbox 311 3083 415 3158; x_wconf 93' lang='lat' dir='ltr'>dapes,</span> <span class='ocrx_word' id='word_1_196' title='bbox 433 3091 463 3139; x_wconf 94' lang='lat' dir='ltr'>et</span> <span class='ocrx_word' id='word_1_197' title='bbox 479 3081 591 3140; x_wconf 92' lang='lat' dir='ltr'>adorea</span> <span class='ocrx_word' id='word_1_198' title='bbox 607 3081 668 3140; x_wconf 91' lang='lat' dir='ltr'>liba</span> <span class='ocrx_word' id='word_1_199' title='bbox 683 3101 738 3157; x_wconf 92' lang='lat' dir='ltr'>per</span> <span class='ocrx_word' id='word_1_200' title='bbox 752 3081 879 3140; x_wconf 87' lang='lat' dir='ltr'>herbam</span> 
     </span>
    </p>
   </div>
   <div class='ocr_carea' id='block_1_3' title="bbox 70 3234 1059 3376">
    <p class='ocr_par' dir='ltr' id='par_1_3' title="bbox 70 3234 1059 3376">
     <span class='ocr_line' id='line_1_32' title="bbox 114 3234 1059 3298; baseline -0.001 -15"><span class='ocrx_word' id='word_1_201' title='bbox 114 3235 143 3283; x_wconf 88' lang='lat'>81</span> <span class='ocrx_word' id='word_1_202' title='bbox 165 3235 303 3298; x_wconf 85' lang='lat' dir='ltr'>monstris,</span> <span class='ocrx_word' id='word_1_203' title='bbox 317 3234 530 3296; x_wconf 53' lang='lat' dir='ltr'>prodigiis—84</span> <span class='ocrx_word' id='word_1_204' title='bbox 548 3247 668 3298; x_wconf 82' lang='lat' dir='ltr'>saevam,</span> <span class='ocrx_word' id='word_1_205' title='bbox 682 3236 847 3295; x_wconf 76' lang='lat' dir='ltr'>pestilentem,</span> <span class='ocrx_word' id='word_1_206' title='bbox 861 3235 1059 3298; x_wconf 61' lang='lat' dir='ltr'>pestiferam.—</span> 
     </span>
     <span class='ocr_line' id='line_1_33' title="bbox 70 3310 976 3376; baseline -0.001 -17"><span class='ocrx_word' id='word_1_207' title='bbox 70 3310 103 3360; x_wconf 87' lang='lat'>86</span> <span class='ocrx_word' id='word_1_208' title='bbox 121 3312 458 3376; x_wconf 75' lang='lat' dir='ltr'>dona,&#39;sacr1ficium.—91</span> <span class='ocrx_word' id='word_1_209' title='bbox 479 3311 639 3374; x_wconf 79' lang='lat' dir='ltr'>Acheronta,</span> <span class='ocrx_word' id='word_1_210' title='bbox 659 3311 714 3357; x_wconf 82' lang='lat' dir='ltr'>deos</span> <span class='ocrx_word' id='word_1_211' title='bbox 732 3311 827 3373; x_wconf 80' lang='lat' dir='ltr'>inferos</span> <span class='ocrx_word' id='word_1_212' title='bbox 844 3316 868 3357; x_wconf 83' lang='lat' dir='ltr'>et</span> <span class='ocrx_word' id='word_1_213' title='bbox 883 3326 976 3358; x_wconf 78' lang='lat' dir='ltr'>manes.</span> 
     </span>
    </p>
   </div>
   <div class='ocr_carea' id='block_1_4' title="bbox 0 0 1228 3716">
    <p class='ocr_par' dir='ltr' id='par_1_4' title="bbox 0 0 1228 3716">
     <span class='ocr_line' id='line_1_34' title="bbox 0 0 1228 3716; baseline 0 0"><span class='ocrx_word' id='word_1_214' title='bbox 0 0 1228 3716; x_wconf 95' lang='lat' dir='ltr'> </span> 
     </span>
    </p>
   </div>
  </div>
 </body>
</html>
