2442 3716
149 292 190 368 38
467 307 640 350 neustrios
673 307 738 352 Lm.
762 308 821 351 vn.

148 452 179 501 at
195 461 287 501 saeva
303 462 319 501 e
335 443 468 518 speculis
484 453 604 518 tempus
620 445 679 502 dea
694 453 785 502 nacta
800 443 932 502 nocendi

148 536 244 593 ardua
258 545 341 593 tecta
355 535 431 612 petit
447 536 568 608 stabuli,
586 537 670 594 etde
686 536 817 594 culmine
834 555 952 594 summo

147 629 300 704 pastorale
317 627 399 686 canit
415 628 543 704 signum,
561 648 716 704 cornuque
732 647 858 687 recurvo

148 723 326 779 Tartaream
342 720 473 778 intendit
488 740 604 793 vocem,
622 741 682 796 qua
697 721 837 797 protinus
853 740 943 779 omne

148 813 330 872 contremuit
346 832 453 870 nemus
469 823 499 870 et
515 813 608 871 silvae
625 813 787 872 insonuere
804 815 974 890 profundae
988 837 995 886 ;

148 906 244 964 audiit
260 915 290 964 et
306 906 425 963 Triviae
442 906 531 981 longe
547 907 650 978 lacus;
675 907 771 965 audiit
787 907 884 965 amnis

148 999 282 1057 sulfurea
299 1001 362 1057 Nar
378 999 465 1057 albus
481 1018 560 1075 aqua
575 1000 739 1075 fontesque
755 999 865 1072 Velini,

147 1101 178 1150 et
193 1091 330 1167 trepidae
346 1101 458 1150 matres
473 1111 612 1168 pressere
629 1093 668 1150 ad
683 1101 808 1168 pectora
824 1103 922 1151 natos
1001 1087 1004 1093 ’

147 1195 211 1242 tum
227 1204 298 1242 vero
314 1185 353 1242 ad
369 1204 475 1242 vocem
491 1185 614 1257 celereS,
631 1205 692 1260 qua
706 1185 819 1243 bucina
837 1185 957 1261 signum

147 1277 212 1336 dira
228 1277 322 1350 dedit,
339 1278 433 1353 raptis
450 1288 634 1336 concurrunt
649 1278 785 1353 undique
801 1278 869 1336 telis

148 1369 288 1428 indomiti
304 1371 454 1447 agricolae
469 1395 475 1442 ;
498 1389 555 1428 nec
570 1390 632 1428 non
649 1381 679 1428 et
694 1371 787 1428 Troia
801 1371 899 1446 pubes

148 1463 283 1521 Ascanio
299 1463 442 1522 auxilium
459 1463 567 1521 castris
582 1463 713 1521 effundit
729 1464 851 1539 apertis.

146 1555 282 1614 direxere
299 1555 389 1613 acies,
436 1558 506 1614 Non
522 1555 582 1612 iam
598 1556 763 1614 certamine
779 1557 900 1633 agresti,

146 1647 302 1723 stipitibus
319 1648 402 1705 duris
419 1648 517 1724 agitur
532 1648 698 1707 sudibusve
714 1650 874 1724 praeustis

146 1741 201 1798 sed
216 1741 296 1798 ferro
312 1741 437 1816 ancipiti
453 1741 630 1813 decernunt,
648 1751 774 1818 atraque
790 1743 849 1801 late

144 1833 294 1892 horrescit
309 1833 421 1892 strictis
438 1853 526 1910 seges
542 1834 676 1907 ensibus,
694 1854 825 1911 aeraque
840 1835 959 1912 fulgent

145 1926 210 1985 sole
226 1926 377 1998 lacessita,
395 1936 425 1984 et
441 1926 539 1984 lucem
555 1928 612 1984 sub
628 1928 733 1986 nubila
748 1928 883 1987 iactant:
955 1917 958 1922 ¹

145 2019 255 2078 fluctus
271 2019 315 2076 uti
329 2019 428 2095 primo
443 2019 545 2095 coepit
560 2039 628 2077 cum
646 2021 801 2079 albescere
817 2031 918 2093 vent0,

144 2112 291 2186 paulatim
307 2131 375 2170 sese
391 2113 469 2170 tollit
485 2131 567 2170 mare
583 2122 613 2170 et
629 2113 719 2171 altius
734 2114 833 2172 undas

144 2204 240 2280 erigit,
258 2205 329 2262 inde
346 2205 406 2263 imo
422 2205 578 2280 consurgit
594 2206 633 2262 ad
649 2207 773 2263 aethera
788 2207 893 2265 fundo.

144 2297 193 2354 hic
209 2297 327 2355 iuvenis
343 2297 472 2373 primam
487 2308 557 2355 ante
574 2298 670 2355 aciem
686 2299 834 2357 stridente
854 2300 974 2376 sagitta,

144 2399 283 2447 natorum
299 2389 409 2467 Tyrrhi
424 2389 523 2447 luerat
539 2390 591 2465 qui
607 2391 764 2461 maximus,
782 2393 880 2464 Almo,
913 2387 914 2390 ¹

143 2482 307 2554 sternitur,
330 2482 430 2540 haesit
445 2483 526 2540 enim
542 2484 598 2540 sub
613 2493 734 2558 gutture
751 2485 859 2542 volnus
876 2494 906 2543 et
921 2487 1001 2544 udae

143 2575 226 2632 vocis
243 2575 299 2632 iter
315 2585 500 2651 tenuemque
516 2575 638 2633 inclusit
661 2577 809 2652 sanguine
825 2577 927 2637 vitam.

142 2687 270 2742 corpora
285 2668 380 2726 multa
396 2668 492 2725 virum
508 2667 596 2738 circa,
614 2669 776 2744 seniorque
798 2671 957 2743 Galaesus

142 2760 214 2818 dum
230 2760 299 2836 paci
316 2761 449 2818 medium
465 2779 498 2818 se
514 2760 612 2832 offert,
629 2761 814 2821 iustissimus
830 2783 909 2821 unus

142 2852 194 2928 qui
209 2852 267 2910 fuit
283 2853 491 2928 Ausoniisque
507 2853 579 2911 olim
595 2853 764 2913 ditissimus
781 2856 880 2914 arvis:

142 2945 277 3021 quinque
292 2965 400 3022 greges
416 2946 458 3003 illi
474 2947 640 3018 balantum,
658 2947 752 3022 quina
767 2948 909 3007 redibant

141 3048 287 3111 armenta,
305 3048 334 3096 et
350 3048 461 3096 terram
476 3049 598 3096 centum
615 3041 753 3098 vertebat
769 3041 884 3100 aratris.

184 3170 229 3234 518
249 3172 338 3236 natos,
357 3172 570 3235 infantes-519
590 3184 692 3237 vocem,
712 3187 907 3238 sonum-524
928 3175 1042 3226 sudibus
1060 3191 1142 3242 prae-

140 3246 222 3310 ustis,
248 3248 358 3294 torribus
382 3248 480 3303 obustis,
502 3251 508 3307 (
513 3248 619 3310 506).-
629 3262 657 3311 52
662 3262 674 3312 5
693 3247 762 3298 ferro
781 3250 910 3315 ancipiti,
929 3252 1081 3313 bipenm'.—
1091 3269 1139 3319 527

140 3322 279 3386 lacessita,
305 3332 528 3385 percussa—533
555 3325 661 3387 volnus,
688 3327 876 3390 argutia-534
906 3327 1031 3392 inclusit,
1060 3331 1140 3379 inter-

139 3399 222 3445 clusit.
230 3425 264 3433 -
274 3411 287 3461 5
290 3397 322 3462 36
334 3398 464 3462 medium,
478 3400 665 3460 deprecatorem.
675 3429 708 3436 -
717 3400 763 3464 538
776 3403 929 3468 balantum,
942 3405 1035 3451 ovium.
