2442 3716
103 267 145 329 26
420 285 593 328 nauarnos
626 286 689 330 Lm.
715 285 773 330 vu.

102 424 197 484 disice
213 424 414 499 compositam
429 443 546 499 pacem,
563 443 629 482 sere
645 423 771 482 crimina
785 424 871 496 belli;

102 537 185 574 arma
200 517 273 575 velit
287 525 456 592 poscatque
473 517 561 575 simul
577 516 736 593 rapiatque
753 517 903 576 iuventus

145 609 222 668 Exin
238 609 409 686 Gorgoneis
425 610 534 667 Alecto
550 609 664 667 infecta
678 610 805 668 venenis

101 702 251 780 principio
268 703 389 760 Latium
405 712 435 760 et
451 702 612 760 Laurentis
628 712 709 762 tecta
723 703 845 781 tyranni

102 797 185 855 celsa
199 795 284 872 petit,
301 796 487 871 tacitumque
503 795 625 854 obsedit
640 796 731 854 limen
748 799 886 869 Amatae,

103 909 194 965 quam
210 908 301 964 super
316 889 450 946 adventu
466 890 618 946 Teucrum
634 889 790 964 Turnique
806 889 984 967 hymenaeis

101 982 252 1040 femineae
269 982 425 1039 ardentem
441 1000 592 1057 curaeque
608 981 731 1058 iraeque
748 984 931 1058 coquebant.

101 1075 172 1132 huic
189 1075 247 1132 dea
263 1074 409 1132 caeruleis
425 1093 519 1132 unum
535 1075 572 1132 de
589 1075 723 1134 crinibus
739 1095 869 1152 anguem

102 1167 215 1226 conicit
230 1167 323 1242 inque
339 1167 437 1225 sinum
453 1168 632 1244 praecordia
648 1169 687 1226 ad
702 1169 809 1226 intima
825 1168 938 1241 subdit,

102 1280 163 1337 quo
178 1261 343 1318 furibunda
359 1261 482 1318 domum
498 1271 634 1319 monstro
650 1261 832 1338 permisceat
848 1280 978 1320 omnem.

102 1354 161 1427 ille,
179 1353 257 1411 inter
272 1363 374 1411 vestes
390 1363 420 1411 et
435 1354 514 1412 levia
528 1364 654 1430 pectora
669 1355 782 1430 lapsus,
880 1405 882 1408 .

102 1447 233 1505 volvitur
249 1455 364 1503 attactu
380 1446 472 1518 nullo,
488 1447 628 1522 fallitque
643 1448 803 1520 furentem,

100 1540 255 1616 vipeream
270 1539 423 1614 inspirans
440 1538 585 1610 animam;
607 1540 641 1597 fit
656 1540 756 1598 tortile
772 1541 851 1600 collo

101 1651 207 1690 aurum
223 1631 331 1708 ingens
347 1631 479 1703 coluber,
496 1632 529 1689 fit
545 1632 654 1708 longae
669 1633 772 1690 taenia
786 1633 889 1706 vittae,

100 1725 289 1800 innectitque
305 1743 418 1797 comas,
435 1733 465 1782 et
480 1724 624 1782 membris
640 1725 773 1783 lubricus
789 1735 876 1784 errat.

101 1837 137 1876 ac
153 1819 224 1876 dum
239 1817 336 1892 prima
352 1817 417 1874 lues
432 1818 494 1875 udo
510 1817 656 1893 sublapsa
671 1837 790 1876 veneno

99 1919 284 1988 pertemptat
300 1929 408 1968 sensus
425 1919 516 1986 atque
533 1910 655 1968 ossibus
671 1911 806 1986 implicat
821 1911 931 1988 ignem,

100 2004 231 2062 necdum
247 2002 366 2060 animus
381 2012 447 2060 toto
462 2003 599 2078 percepit
614 2013 738 2079 pectore
753 2005 916 2077 flammam,

99 2097 229 2167 molliuS,
247 2105 277 2154 et
292 2095 383 2154 solito
398 2105 527 2153 matrum
543 2097 581 2153 de
597 2115 689 2168 more,
706 2097 808 2155 locuta
823 2106 878 2170 est,

99 2190 194 2246 multa
210 2208 301 2264 super
316 2198 388 2246 nata
404 2188 565 2246 lacrimans
583 2189 782 2266 Phrygiisque
797 2190 989 2267 hymenaeis:

100 2282 297 2340 exsulibusne
313 2281 401 2339 datur
417 2281 558 2339 ducenda
575 2281 702 2339 Lavinia
717 2283 853 2355 TeucriS,

100 2395 118 2433 ο
133 2374 272 2451 genitor?
289 2393 346 2432 nec
361 2384 390 2432 te
406 2373 529 2432 miseret
543 2384 716 2450 gnataeque
731 2375 858 2451 tuique?

100 2487 157 2528 nec
172 2467 276 2525 matris
292 2467 423 2539 miseret,
441 2486 532 2542 quam
547 2467 645 2543 primo
661 2467 803 2542 aquilone
819 2469 970 2545 relinquet

99 2561 242 2636 perfidus,
260 2560 321 2616 alta
336 2569 444 2635 petens
461 2561 594 2618 abducta
609 2559 734 2636 virgine,
750 2562 885 2637 praedo?

101 2662 131 2710 at
146 2672 208 2711 non
225 2653 268 2710 sic
285 2652 433 2730 Phrygius
449 2661 589 2728 penetrat
605 2653 839 2712 Lacedaemona
854 2664 959 2730 pastor

101 2746 316 2820 Ledaeamque
333 2745 487 2803 Helenam
503 2745 653 2804 Troianas
668 2746 750 2804 vexit
765 2747 805 2804 ad
820 2748 931 2806 urbes?

101 2839 175 2914 quid
190 2848 243 2896 tua
258 2847 365 2896 sancta
379 2839 477 2897 fides?
501 2838 574 2914 quid
590 2857 662 2896 cura
677 2839 803 2915 antiqua
818 2849 938 2898 tuorum
1045 2840 1093 2905 365

101 2941 131 2989 et
146 2930 376 3006 consanguineo
391 2931 504 2988 totiens
521 2931 592 2989 data
608 2931 733 2989 dextera
748 2933 872 2991 Turno?

101 3023 127 3081 si
141 3043 235 3100 gener
251 3032 375 3081 externa
390 3022 503 3098 petitur
518 3023 556 3080 de
571 3033 662 3099 gente
678 3024 805 3096 Latinis,

145 3205 194 3256 339
204 3191 296 3255 disice,
307 3197 403 3252 rumpe.
411 3219 444 3226 —
451 3189 575 3255 crimina,
585 3207 679 3238 causas.
687 3219 721 3228 —
729 3206 773 3256 341
786 3193 858 3258 exin,
868 3195 996 3256 extemplo⁸
1004 3222 1038 3230 -
1046 3208 1092 3258 342

100 3267 243 3331 principio,
248 3269 342 3328 pn'mo.
349 3295 383 3302 -
389 3280 420 3328 34
424 3279 436 3329 5
445 3269 603 3331 coquebant,
612 3269 813 3330 inflammabant.
821 3297 855 3305 —
861 3283 875 3332 3
879 3283 891 3334 5
896 3282 908 3334 5
915 3272 1092 3335 pertemptat,

101 3344 214 3390 subia-
222 3343 271 3406 356
282 3341 412 3406 percepit,
425 3344 538 3404 concepit.
547 3371 581 3379 -
588 3343 633 3406 361
648 3345 784 3409 aquilone,
797 3351 877 3395 vento.
