2442 3716
111 299 155 375 48
433 311 606 356 nausrnos
638 313 703 358 Lm.
727 313 785 358 vn.

113 453 306 528 victoresque
322 461 457 510 ostentat
472 471 568 528 equos
584 461 670 511 satus
688 452 823 511 Hercule
838 451 966 530 pulchro

114 547 240 624 pulcher
256 545 437 617 Aventinus,
454 545 616 621 clipeoque
631 545 751 622 insigne
766 556 928 622 paternum

115 650 237 699 centum
253 638 361 715 anguis
377 638 571 714 cinctamque
585 637 663 714 gerit
679 639 873 714 serpentibus
891 640 1044 717 Hydram,

115 733 201 792 collis
217 731 362 790 Aventini
378 731 455 788 silva
471 750 561 806 quem
578 730 667 790 Rbea
681 732 836 790 sacerdos=

114 826 258 884 furtivum
273 833 362 900 partu
377 824 435 882 sub
451 823 573 882 luminis
584 824 687 885 ‘edidit
701 845 779 898 oras,
1066 825 1121 875 660

115 919 209 976 mixta
224 918 283 976 deo
298 917 414 988 mulier,
430 927 594 993 postquam
612 919 776 976 Laurentia
791 918 888 977 victor

117 1013 258 1088 Geryone
274 1010 426 1068 exstincto
442 1009 620 1087 Tirynthius
637 1011 736 1088 attigit
752 1031 832 1084 arva,

116 1103 335 1182 Tyrrhenoque
351 1103 446 1162 boves
462 1102 493 1159 in
509 1103 633 1161 flumine
650 1103 723 1162 lavit
740 1104 883 1163 Hiberas.

116 1198 178 1274 pila
193 1216 286 1254 manu
301 1215 472 1272 saevosque
486 1205 597 1272 gerunt
612 1195 642 1253 in
659 1197 741 1255 bella
757 1197 894 1269 dolones,

117 1300 148 1350 et
162 1290 250 1349 tereti
266 1299 405 1367 pugnant
420 1308 564 1347 mucrone
579 1309 714 1365 veruque
732 1290 862 1348 Sabello
1067 1291 1121 1356 665

117 1384 182 1462 ipse
197 1385 301 1460 pedes,
318 1393 461 1459 tegumen
477 1393 624 1458 torquens
639 1383 771 1441 immane
787 1383 893 1456 leonis,

117 1477 242 1536 terribili
258 1477 411 1552 impexum
427 1485 521 1548 saeta,
538 1495 606 1533 cum
623 1475 766 1534 dentibus
783 1475 860 1534 albis

119 1571 243 1630 indutus
259 1568 360 1644 capiti,
378 1568 422 1626 sic
437 1568 519 1645 regia
534 1578 616 1627 tecta
631 1569 762 1641 subibat,

118 1664 267 1736 horridus,
286 1661 502 1737 Herculeoque
521 1680 642 1720 umeros
657 1662 786 1721 innexus
802 1663 924 1721 amictu.

160 1758 239 1814 Tum
254 1753 367 1832 gemini
382 1755 491 1812 fratres
510 1754 650 1812 Tiburtia
665 1755 786 1813 moenia
801 1755 951 1831 linquunt,
1069 1756 1121 1818 670

118 1848 219 1907 fratris
235 1847 355 1906 Tiburti
371 1847 484 1905 dictam
500 1847 681 1923 cognomine
696 1858 829 1924 gentem,

120 1941 311 2016 Catillusque
328 1959 457 2016 acerque
475 1941 580 2012 Coras,
598 1941 711 2016 Argiva
726 1941 877 2014 iuventuS,

119 2044 149 2094 et
164 2033 292 2111 primam
309 2043 380 2092 ante
396 2032 493 2091 aciem
509 2033 606 2091 densa
622 2032 700 2092 inter
715 2034 776 2092 tela
791 2035 949 2093 feruntur·

120 2148 176 2187 ceu
191 2128 252 2186 duo
269 2127 440 2204 nubigenae
456 2145 525 2184 cum
540 2125 653 2184 vertice
668 2127 781 2186 montis
797 2128 836 2186 ab
852 2128 915 2186 alto

120 2221 312 2280 descendunt
329 2219 483 2292 Centauri,
498 2219 655 2277 Homolen
671 2219 861 2298 Othrquue
876 2220 1007 2278 nivalem
1070 2222 1122 2287 675

120 2315 295 2391 linquentes
312 2332 402 2371 cursu
417 2310 538 2388 rapido;
561 2312 614 2370 dat
629 2312 772 2370 euntibus
788 2312 896 2390 ingens

120 2408 196 2467 silva
212 2409 321 2479 locum,
339 2415 369 2464 et
384 2425 496 2482 magno
511 2405 626 2464 cedunt
640 2405 770 2482 virgulta
784 2406 913 2483 fragore.

163 2504 228 2560 Nec
246 2499 464 2558 Praenestinae
479 2488 628 2556 fundator
640 2498 737 2556 defuit
752 2498 844 2572 urbiS,
933 2497 936 2504 ’

120 2595 259 2652 Volcano
275 2592 412 2670 genitum
427 2611 539 2668 pecora
554 2590 632 2650 inter
647 2591 779 2669 agrestia
794 2611 896 2669 regem

121 2688 340 2762 inventumque
356 2685 433 2744 focis
449 2684 548 2743 omnis
565 2704 655 2761 quem
672 2684 801 2743 credidit
817 2695 911 2759 aetaS,
1071 2686 1123 2736 680

122 2781 282 2840 Caeculus.
330 2781 425 2837 Hunc
439 2778 519 2855 legio
535 2778 595 2836 late
611 2777 774 2837 comitatur
789 2779 927 2855 agrestis,

122 2874 236 2952 quique
252 2873 347 2931 altum
364 2874 529 2931 Praeneste
544 2871 609 2944 viri,
627 2870 740 2948 quique
757 2891 829 2929 arva
845 2871 985 2930 Gabinae
1073 2883 1081 2917 -'

123 2966 251 3027 Iunonis
267 2966 462 3044 gelidumque
478 2963 630 3024 Anienem
646 2974 676 3023 et
692 2964 813 3022 roscida
831 2964 902 3022 rivis

123 3060 261 3122 Hernica
278 3079 352 3119 saxa
367 3059 480 3132 colunt,
498 3077 575 3135 quos
591 3057 677 3116 dives
694 3057 837 3134 Anagnia
852 3057 960 3133 pascit,

122 3174 209 3232 quos
228 3155 383 3213 Amasene
398 3161 493 3229 pater.
539 3153 611 3209 Non
626 3150 685 3208 illis
701 3149 842 3209 omnibus
860 3169 952 3223 arma,
1072 3149 1123 3217 685

165 3286 181 3336 6
184 3286 214 3352 56
228 3287 315 3351 satus,
322 3287 405 3350 filius.
413 3284 501 3333 -662
515 3282 624 3347 attigit,
637 3281 846 3342 advenit-664
859 3282 978 3346 dolones,
989 3283 1081 3330 iacula.
1089 3311 1126 3322 —

123 3362 172 3412 666
189 3364 329 3426 tegumen,
338 3360 533 3424 pellem—667
551 3359 700 3422 impexum,
715 3359 989 3422 hirsutum—saeta,
1008 3360 1087 3416 villis,
1102 3360 1124 3408 1.

169 3437 277 3500 1.·-669
290 3437 416 3502 innexus,
430 3444 514 3484 tectus.
