2442 3716
128 261 167 338 58
444 273 617 317 nuumnos
646 274 711 319 Lm.
738 275 796 320 vn.

166 417 236 474 Hos
252 433 344 492 super
358 413 483 472 advenit
498 413 613 472 Volsca
628 414 667 472 de
681 424 774 491 gente
790 415 926 487 Camilla,

123 527 232 587 agmen
249 527 344 584 agens
360 507 496 583 equiturn
511 515 542 565 et
557 506 694 566 florentis
710 526 780 566 aere
795 519 942 580 catervas,

122 601 271 675 bellatrix,
288 621 350 660 non
366 601 417 658 illa
433 600 501 658 colo
517 599 684 658 calathisve
702 600 860 661 Minervae
1072 605 1129 670 805

122 695 273 755 femineas
289 695 417 752 adsueta
433 712 551 766 manus,
568 693 624 752 sed
639 693 756 771 proelia
770 695 855 773 virgo

123 791 199 849 dura
214 789 277 867 pati
294 805 445 863 cursuque
461 787 575 862 pedum
590 797 782 863 praevertere
797 800 914 848 ventos

124 884 174 941 illa
189 884 237 942 vel
253 883 386 940 intactae
403 880 515 957 segetis
531 899 585 957 per
601 900 720 938 summa
734 882 852 941 volaret

123 976 268 1053 gramina,
286 994 343 1034 nec
358 985 479 1034 teneras
495 993 585 1032 cursu
600 974 743 1034 laesisset
758 975 867 1035 aristas
881 1001 888 1050 ;

124 1069 170 1128 vel
186 1088 269 1127 mare
283 1088 338 1146 per
353 1068 487 1126 medium
502 1068 597 1126 fluctu
613 1087 764 1145 suspensa
779 1071 909 1128 tumenti
1071 1074 1128 1124 810

123 1164 215 1222 ferret
231 1162 296 1236 iter,
313 1162 420 1221 celeris
436 1181 493 1220 nec
508 1162 660 1238 tingueret
676 1182 808 1239 aequore
823 1164 954 1239 plantas.

124 1255 206 1314 illam
222 1256 321 1316 omnis
336 1256 426 1315 tectis
442 1257 584 1334 agrisque
600 1257 698 1315 effusa
716 1257 858 1316 iuventus

124 1351 274 1427 turbaque
289 1351 414 1409 miratur
429 1361 559 1409 matrum
574 1360 605 1409 et
620 1359 797 1427 prospectat
812 1361 943 1422 euntem,

125 1444 262 1503 attonitis
278 1444 399 1502 inhians
416 1443 533 1516 animis
550 1453 583 1504 ut
598 1444 699 1521 regius
715 1454 798 1504 ostro

25 1571 27 1575 ·
124 1537 205 1596 velet
219 1538 318 1596 honos
335 1537 410 1596 levis
425 1555 555 1609 umeros,
572 1546 606 1596 ut
621 1538 714 1597 fibula
730 1537 845 1612 crinem
1070 1535 1124 1602 815

126 1649 198 1688 auro
214 1628 406 1703 internectat,
424 1630 549 1708 Lyciam
565 1641 598 1690 ut
612 1640 699 1708 gerat
714 1629 781 1708 ipsa
796 1631 969 1707 pharetram

125 1732 156 1782 et
170 1722 356 1800 pastoralem
370 1723 505 1799 praelixa
520 1723 648 1800 cuspide
663 1733 801 1802 myrtum.
1200 1801 1201 1843 1

166 1906 215 1967 804
238 1907 372 1972 catervas,
396 1907 598 1969 turmas—807
623 1909 803 1972 praevertere,
822 1908 970 1970 praetem’rc,
990 1914 1120 1969 superare.
1199 1907 1200 1957 l

124 1983 210 2032 —811
226 1984 347 2049 planta,
360 1985 463 2047 vesngia
477 1983 648 2049 (689).-815
661 1984 743 2049 levis,
750 1985 881 2047 pulchros,
895 1986 1006 2032 nitentes.
