2442 3716
140 318 184 380 40
459 317 633 362 Aruernos
666 318 729 364 mu.
755 319 811 364 vu.

182 462 285 534 Atque
301 477 338 516 ea
352 477 407 534 per
422 477 547 534 campos
563 477 662 534 aequo
679 459 751 516 dum
769 461 869 518 Marte
884 469 1041 537 geruntur,
1096 474 1148 526 540
1199 493 1200 516 ;

140 550 282 629 promissi
298 551 356 609 dea
370 551 453 609 facta
468 561 587 626 potens,
604 551 656 608 ubi
673 552 822 627 sanguine
837 553 952 612 bellum

141 645 249 704 imbuit
263 653 294 702 et
309 643 423 720 primae
440 644 592 702 commisit
606 644 715 702 funera
730 666 860 722 pugnae,

140 737 253 797 deserit
270 737 463 814 Hesperiam,
480 747 510 795 et
526 737 603 795 caeli
618 757 767 796 conversa
781 757 838 816 per
851 758 940 798 auras

142 836 291 891 Iunonem
306 830 413 889 victrix
429 831 550 888 adfatur
565 850 640 889 voce
656 833 808 908 superba:

140 945 188 999 en,
205 925 342 1002 perfecta
356 923 412 982 tibi
427 924 509 982 bello
525 923 678 982 discordia
693 925 792 984 tristi!

141 1019 199 1092 dic,
216 1013 247 1075 in
263 1017 427 1076 amicitiam
442 1025 553 1074 coeant
567 1026 598 1076 et
612 1017 738 1076 foedera
753 1018 880 1095 iungant
895 1024 901 1078 i

142 1110 391 1187 quandoquidem
407 1109 546 1168 Ausonio
562 1110 693 1186 respersi
709 1111 858 1188 sanguine
874 1114 1021 1185 Teucros,

141 1205 201 1263 hoc
215 1204 307 1262 etiarn
323 1204 370 1262 his
387 1204 507 1276 addam,
524 1213 577 1261 tua
592 1202 619 1261 si
634 1203 708 1280 mihi
724 1214 807 1262 certa
821 1205 964 1264 voluntas
979 1228 984 1263 :

141 1297 286 1356 finitimas
302 1297 333 1354 in
347 1297 429 1356 bella
443 1297 539 1355 feram
554 1296 726 1356 rumoribus
742 1298 842 1371 urbes

142 1392 370 1466 accendamque
386 1389 504 1448 animos
521 1389 622 1447 insani
639 1389 747 1448 Martis
763 1409 875 1464 amore,
1094 1407 1144 1457 550

142 1483 277 1564 undique
293 1492 326 1540 ut
341 1482 453 1540 auxilio
468 1482 613 1540 veniant:
636 1502 777 1560 spargam
793 1503 877 1541 arma
891 1504 946 1560 per
961 1503 1061 1560 agros

142 1587 206 1634 tum
222 1585 328 1634 contra
344 1578 442 1633 Iuno:
465 1576 627 1633 Terrorum
643 1585 673 1634 et
687 1576 803 1634 fraudis
820 1577 942 1636 abunde
958 1586 1005 1634 est
1021 1600 1026 1634 :

43 1683 52 1697 ·
142 1677 225 1728 stant
239 1667 312 1727 belli
328 1687 458 1726 causae:
481 1678 634 1745 pugnatur
649 1669 819 1727 comminus
835 1669 946 1741 armis;

142 1781 221 1838 quae
236 1762 299 1819 fors
315 1761 412 1836 prima
427 1761 520 1832 dedit,
539 1761 663 1838 sanguis
680 1781 777 1820 novus
793 1762 902 1820 imbuit
917 1782 1010 1820 arma.

141 1855 215 1914 talia
231 1853 372 1930 coniugia
388 1863 418 1912 et
433 1854 502 1912 talis
519 1854 674 1912 celebrent
689 1855 876 1932 hymenaeos
1093 1870 1143 1922 555

142 1947 297 2024 egregium
313 1947 442 2004 Veneris
457 1966 555 2022 genus
571 1957 601 2005 et
616 1967 668 2005 rex
684 1947 750 2023 ipse
767 1948 904 2007 Latinus

142 2052 172 2099 te
188 2059 280 2115 super
295 2039 446 2098 aetherias
462 2059 561 2097 errare
577 2039 718 2098 licentius
742 2060 830 2099 auras

142 2134 225 2191 haud
242 2136 332 2191 Pater
347 2132 396 2190 iile
412 2133 493 2206 velit,
511 2132 620 2191 summi
636 2143 779 2209 regnator
794 2134 926 2212 Olympi.

143 2227 218 2286 cede
233 2227 317 2285 locis,
364 2228 436 2302 Ego,
454 2225 480 2284 si
496 2245 556 2302 qua
572 2245 664 2301 super
678 2226 802 2284 fortuna
817 2227 955 2286 laborum
971 2237 1027 2300 est,

143 2320 210 2396 ipsa
225 2339 337 2396 regam.
382 2318 466 2376 Talis
483 2319 609 2376 dederat
627 2318 769 2377 Saturnia
784 2339 896 2392 voces,
1093 2323 1142 2386 560

144 2413 195 2470 illa
210 2422 312 2470 autem
327 2411 438 2469 attollit
454 2411 611 2469 stridentis
628 2411 779 2488 anguibus
795 2413 868 2484 alaS,

145 2505 315 2584 Cocytique
330 2504 407 2581 petit
422 2505 536 2576 sedern,
554 2523 663 2579 supera
679 2505 774 2562 ardua
790 2505 941 2580 linquens.

144 2608 191 2657 est
206 2599 292 2656 locus
309 2596 417 2655 italiae
432 2596 534 2654 medio
550 2597 607 2654 sub
623 2597 779 2656 montibus
795 2597 873 2669 altis,

144 2691 256 2751 nobilis
272 2691 400 2749 etfama
415 2689 518 2748 multis
533 2700 719 2748 memoratus
735 2690 766 2748 in
782 2690 852 2763 oriS,

145 2784 305 2844 Amsancti
320 2784 415 2842 valles
428 2807 434 2855 ;
459 2782 563 2841 densis
579 2783 661 2841 hunc
676 2783 837 2842 frondibus
854 2793 952 2842 atrum
1093 2787 1142 2852 565

144 2888 252 2956 urguet
267 2878 418 2954 utrimque
434 2878 514 2935 latus
529 2875 670 2948 nemoris,
688 2876 851 2952 medioque
866 2877 1007 2954 fragosus

145 2973 198 3030 dat
214 2972 348 3030 sonitum
364 2971 444 3030 saxis
461 2981 490 3028 et
506 2980 587 3029 torto
602 2969 714 3027 vertice
730 2979 858 3028 torrens,

144 3065 195 3124 hic
210 3085 321 3142 specus
337 3065 522 3123 horrendum
537 3072 568 3122 et
583 3062 667 3120 saevi
682 3062 835 3138 spiracula
852 3063 933 3122 Ditis

188 3245 234 3296 540
246 3245 341 3296 aequo,
354 3233 509 3293 ancipiti.-
518 3229 563 3293 548
576 3230 714 3292 voluntas,
721 3230 809 3293 favor.
817 3257 851 3264 -
859 3242 906 3293 549
918 3228 1015 3294 feram,
1026 3234 1138 3292 rapiam.

149 3321 195 3372 553
213 3310 300 3371 stant,
313 3310 459 3355 constitutae
475 3313 541 3352 suut.
550 3333 584 3340 -
594 3317 640 3368 555
660 3304 795 3368 coniugia,
809 3306 920 3352 conubia.
929 3333 962 3341 -
972 3305 1018 3368 560
1036 3320 1140 3374 regam,

147 3385 267 3444 derigant.
275 3411 309 3418 —
316 3384 435 3447 dederat,
449 3383 609 3429 ediderat-
618 3379 665 3444 566
676 3380 751 3428 latus
763 3381 891 3444 nemoris,
904 3382 975 3428 collis
986 3397 1140 3434 nemorosus.
