2442 3716
27 3511 81 3608 Ι

422 622 452 672 P.
471 621 625 671 VERGILI
650 622 819 670 MARONIS

317 801 915 884 AENEIDOS

407 1007 551 1070 LIBER
584 1007 832 1072 SEPTIMUS.

545 1181 693 1197 ——0—-

123 1283 173 1343 Tu
189 1303 312 1360 quoque
327 1283 466 1344 litoribus
482 1283 604 1358 nostris,
622 1285 740 1344 Aeneia
755 1284 864 1358 nutrix,

122 1385 278 1434 aeternam
293 1377 426 1436 moriens
440 1379 563 1451 famam,
581 1377 697 1450 Caieta,
715 1371 841 1450 dedisti;

122 1477 152 1526 et
168 1488 250 1528 nunc
265 1479 366 1528 servat
380 1471 480 1529 honos
496 1471 601 1529 sedem
616 1480 696 1544 tuus,
713 1489 846 1546 ossaque
861 1489 973 1530 nomen

123 1562 278 1638 Hesperia
292 1561 323 1620 in
339 1582 458 1640 magna,
475 1563 501 1622 si
517 1583 578 1640 qua
593 1573 640 1622 est
656 1583 692 1622 ea
706 1563 811 1641 gloria,
828 1563 937 1641 signat.

122 1663 153 1712 at
167 1654 237 1731 pius
253 1655 407 1732 exsequiis
423 1659 546 1716 Aeneas
561 1656 618 1716 rite
633 1657 751 1730 solutiS,

122 1766 232 1825 aggere
247 1749 419 1826 composito
434 1749 550 1822 tumuli,
567 1759 731 1826 postquam
747 1749 808 1808 alta
823 1749 966 1825 quierunt

122 1859 264 1918 aequora,
281 1841 380 1901 tendit
396 1841 452 1901 iter
466 1843 551 1915 velis,
568 1852 751 1919 portumque
766 1841 920 1918 relinquit.

122 1933 280 2010 adspirant
296 1954 387 1993 aurae
403 1934 434 1992 in
449 1945 580 2008 noctem,
597 1954 655 1993 nec
669 1934 802 1994 candida
817 1953 924 1994 cursus

122 2028 210 2084 Luna
225 2037 326 2104 negat,
343 2028 485 2104 splendet
499 2029 628 2087 tremulo
645 2029 701 2087 sub
717 2027 830 2086 lumine
845 2037 969 2104 pontus.

120 2119 259 2195 proxima
275 2120 420 2180 Circaeae
435 2121 583 2179 raduntur
597 2121 686 2180 litora
701 2131 807 2194 terrae,

121 2212 207 2271 dives
223 2212 399 2272 inaccessos
414 2213 467 2274 ubi
484 2213 564 2272 Solis
578 2213 641 2272 filia
656 2214 742 2273 lucos

121 2305 252 2364 adsiduo
267 2316 391 2365 resonat
405 2315 505 2380 cantu,
519 2306 670 2383 tectisque
686 2307 825 2384 superbis

121 2398 180 2456 urit
195 2398 354 2457 odoratam
369 2408 519 2457 nocturna
534 2398 565 2457 in
581 2398 696 2458 lumina
711 2401 844 2472 cedrum,

121 2500 228 2568 arguto
243 2491 344 2550 tenuis
360 2510 539 2567 percurrens
555 2491 677 2568 pectine
695 2492 782 2550 telas.

121 2583 193 2642 hinc
208 2583 344 2643 exaudiri
359 2583 490 2661 gemitus
505 2583 630 2660 iraeque
650 2584 782 2658 leonum,

120 2677 221 2736 vincla
236 2686 431 2736 recusantum
447 2686 478 2736 et
493 2696 561 2736 sera
576 2678 634 2736 sub
650 2686 740 2736 nocte
756 2678 928 2750 rudentum,

121 2770 325 2848 saetigerique
340 2789 411 2829 sues
427 2780 519 2846 atque
535 2769 564 2828 in
581 2770 801 2846 praesaepibus
817 2771 879 2830 ursi

121 2862 247 2936 saevire,
264 2882 300 2921 ac
314 2863 431 2922 formae
447 2881 624 2940 magnorum
641 2863 757 2921 ululare
773 2863 922 2939 luporum,

121 2975 199 3032 quos
214 2955 372 3015 hominum
387 2975 425 3014 ex
439 2955 519 3014 facie
534 2956 593 3015 dea
608 2974 701 3014 saeva
715 2955 894 3032 potentibus
909 2957 1012 3015 herbis

121 3048 262 3108 induerat
279 3049 367 3109 Circe
382 3048 414 3106 in
429 3050 530 3108 voltus
546 3067 582 3108 ac
597 3058 683 3126 terga
697 3049 839 3108 ferarum.
1087 3065 1119 3100 20

166 3231 181 3281 3
210 3218 310 3282 sedam,
326 3201 592 3279 'sepulchrum-10
620 3218 760 3282 raduntur,
786 3217 912 3279 leguntur,
943 3216 994 3264 ΙΙΙ.
1017 3230 1120 3281 292.—

124 3307 151 3340 11
177 3293 336 3358 inaccessos,
360 3294 565 3355 perimlosos.-
579 3307 607 3341 12
635 3294 757 3358 adsiduo,
779 3299 952 3354 perpetua-
966 3292 996 3342 16
1023 3295 1120 3345 ruden-

119 3371 191 3436 tum,
206 3371 418 3434 frementum·
428 3383 456 3432 17
475 3370 677 3436 praesaepibus,
695 3370 887 3418 stabulis—20
904 3370 990 3436 terga,
1002 3376 1118 3433 corpora.
