2442 3716
130 231 168 296 52
446 231 620 276 AENEIDOS
649 231 714 276 LIB.
742 231 800 274 VII.

128 373 249 446 Nursia,
266 382 297 431 et
313 372 464 430 Hortinae
481 373 596 430 classes
611 371 779 448 populique
796 369 898 428 Latini
913 393 919 442 ;

128 484 266 542 quosque
283 484 392 524 secans
408 464 576 523 infaustum
591 463 726 523 interluit
741 463 823 522 Allia
838 482 950 521 nornen
966 483 971 520 τ

128 578 219 634 quam
235 557 321 616 multi
338 557 453 635 Libyco
468 558 631 616 volvuntur
646 576 794 615 marmore
810 557 929 628 fluctuS,

127 671 237 710 saevus
253 651 306 709 ubi
322 651 417 709 Orion
433 650 569 709 hibernis
586 651 727 709 conditur
742 649 833 708 undis
847 673 854 722 ;

127 745 175 802 vel
191 763 259 802 cum
275 743 339 802 sole
355 763 436 802 novo
452 744 567 802 densae
582 753 734 802 torrentur
750 742 869 815 aristae,
1083 754 1140 802 720

128 846 180 895 aut
196 836 305 895 Hermi
320 855 437 912 camp0‚
455 845 506 894 aut
523 836 634 915 Lyciae
650 835 834 895 flaventibus
851 835 939 894 arvis.

127 939 215 989 scuta
230 938 349 1002 sonant,
367 930 518 1006 pulsuque
533 930 647 1005 pedum
663 929 828 987 conterrita
842 929 942 987 tellus

171 1023 255 1081 Hinc
270 1021 541 1099 Agamemnonius,
558 1021 684 1080 Troiani
699 1021 831 1080 nominis
847 1020 954 1094 hostis,

128 1135 216 1175 curru
231 1115 328 1192 iungit
345 1116 500 1173 Halaesus
516 1134 621 1190 equos,
638 1116 805 1190 Turnoque
820 1113 932 1172 ferocis

128 1209 209 1268 mille
224 1209 303 1285 rapit
317 1209 457 1285 populos,
474 1217 595 1266 vertunt
609 1207 711 1266 felicia
728 1208 849 1266 Baccho
1079 1220 1133 1272 725

129 1303 265 1361 Massica
281 1301 333 1378 qui
348 1301 462 1374 rastris,
480 1310 510 1359 et
526 1320 603 1376 quos
619 1301 657 1359 de
674 1300 803 1359 collibus
820 1300 889 1358 altis

129 1395 265 1454 Aurunci
280 1395 390 1453 misere
405 1403 508 1470 patres
525 1387 722 1469 Sidicinaque
738 1393 823 1452 iuxta

129 1507 271 1563 aequora,
289 1487 402 1563 quique
419 1487 510 1546 Cales
526 1486 676 1562 linquunt,
694 1486 854 1563 amnisque
869 1485 977 1544 vadosi

129 1581 235 1639 accola
249 1579 401 1652 Volturni,
417 1579 591 1655 pariterque
609 1579 761 1638 Saticulus
777 1599 867 1656 asper

130 1675 341 1748 Oscorumque
357 1691 474 1730 manus
519 1673 647 1731 Teretes
663 1681 735 1731 sunt
750 1673 874 1750 aclydes
890 1672 950 1730 illis
1080 1686 1131 1736 730

129 1767 191 1825 tela
204 1790 210 1839 3
234 1765 290 1824 sed
304 1766 381 1824 haec
396 1765 479 1824 lento
495 1785 561 1824 mos
577 1775 624 1824 est
639 1775 744 1842 aptare
760 1765 890 1842 flagello.

129 1859 232 1918 laevas
248 1868 350 1917 caetra
364 1858 440 1935 tegit
454 1882 460 1931 ;
483 1858 588 1917 falcati
603 1859 773 1917 comminus
790 1877 889 1917 enses

173 1954 239 2010 Nec
253 1961 287 2010 tu
302 1951 488 2010 carminibus
504 1951 617 2010 nostris
633 1951 766 2010 indictus
783 1951 891 2024 abibis,

131 2045 257 2118 Oebale,
275 2064 365 2122 quem
380 2063 544 2122 generasse
559 2044 659 2102 Telon
676 2045 842 2104 Sebethide
857 2045 992 2122 nympha

130 2139 233 2212 fertur,
250 2139 419 2197 Teleboum
436 2140 571 2214 Capreas
588 2157 658 2196 cum
673 2157 767 2215 regna
781 2147 907 2210 teneret,
1080 2151 1127 2203 735

132 2231 192 2290 iam
208 2231 309 2290 senior
324 2256 330 2304 ;
353 2231 459 2308 patriis
475 2231 530 2289 sed
546 2250 608 2288 non
623 2240 654 2289 et
669 2231 748 2290 filius
765 2231 844 2290 arvis

132 2333 294 2383 contentus
310 2325 370 2382 late
386 2324 446 2381 iarn
461 2333 526 2381 tum
541 2323 662 2382 dicione
677 2325 835 2401 premebat

134 2417 280 2476 Sarrastis
295 2417 426 2494 populos
443 2426 473 2474 et
489 2435 567 2492 quae
582 2416 660 2493 rigat
676 2437 810 2493 aequora
827 2419 949 2490 Sarnus,

133 2509 246 2586 quique
263 2511 376 2567 Rufras
392 2509 594 2585 Batulumque
610 2518 717 2568 tenent
733 2519 825 2586 atque
841 2529 913 2568 arva
929 2509 1103 2583 Celemnae,

133 2613 163 2661 et
179 2621 257 2679 quos
273 2602 429 2661 maliferae
445 2603 626 2678 despectant
641 2603 763 2661 moenia
779 2604 915 2676 Abellae,
1077 2616 1125 2664 740

133 2695 304 2754 Teutonico
320 2695 379 2752 ritu
394 2695 475 2753 soliti
490 2704 631 2776 topquere
648 2696 762 2754 cateias
778 2720 784 2769 3

133 2788 269 2866 tegmina
284 2787 352 2864 quis
368 2788 502 2864 capitum
517 2774 622 2864 raptus
639 2789 677 2847 de
693 2790 803 2848 subere
819 2800 931 2864 cortex,

134 2892 316 2957 aerataeque
332 2882 446 2940 micant
460 2883 570 2958 peltae,
587 2882 679 2940 micat
695 2901 801 2941 aereus
817 2883 909 2942 ensis.

177 2977 214 3034 Et
229 2984 259 3032 te
274 2984 433 3034 montosae
449 2974 558 3032 misere
573 2975 605 3032 in
620 2975 735 3050 proelia
751 2978 876 3049 Nersae,

176 3155 221 3204 721
236 3143 349 3206 flaveris,
355 3143 537 3205 fulvae-72
542 3153 554 3205 5
571 3141 655 3206 rapit,
669 3143 763 3202 raptim
775 3141 981 3203 adducit-728
1000 3153 1119 3208 aequora,

135 3220 320 3280 campa-729
349 3231 438 3281 asper,
462 3230 651 3280 saevus-731
678 3217 795 3281 flagello,
819 3217 976 3281 lora-738
1000 3229 1118 3282 aequora,

135 3302 334 3357 campan—741
349 3294 415 3358 ritu,
429 3307 597 3354 mora—742
614 3296 719 3357 raptus,
733 3295 871 3341 destrictus.

160 3420 178 3522 l

544 3698 546 3701 J
580 3623 1196 3714 ..affl-ff*
