2442 3716
116 243 159 322 36
443 257 613 304 Aruernos
638 257 702 304 Lm.
721 258 778 306 vn.

115 413 221 453 cervus
238 403 302 453 erat
317 395 415 452 forma
429 394 599 471 praestanti
614 403 645 452 et
661 395 805 453 cornibus
821 394 939 472 ingenS,

115 487 283 565 Tyrrhidae
299 487 385 563 pueri
401 507 492 563 quem
507 487 612 546 matris
628 489 667 546 ab
683 488 775 546 ubere
791 498 911 564 raptum

114 580 271 638 nutribant
286 581 484 658 Tyrrhusque
499 590 594 657 pater,
612 580 660 638 cui
676 581 759 657 regia
774 589 882 657 parent
925 577 932 590 '

115 682 260 746 armenta,
278 681 308 731 et
324 673 384 731 late
401 673 542 731 custodia
557 673 673 732 credita
689 674 797 750 campi.

114 767 276 825 adsuetum
292 765 426 841 imperiis
442 785 527 824 soror
543 766 626 824 omni
643 766 736 824 Silvia
751 786 824 824 cura

114 861 257 918 mollibus
273 859 413 918 intexens
430 859 559 918 ornabat
575 879 688 918 cornua
704 859 802 932 sertiS,

114 954 318 1029 pectebatque
334 953 439 1025 ferum,
457 971 594 1028 puroque
611 952 642 1009 in
657 953 742 1010 fonte
758 953 889 1012 lavabat.

115 1046 171 1103 ille
187 1065 310 1102 manum
325 1045 446 1121 patiens
461 1064 648 1121 mensaeque
664 1046 810 1104 adsuetus
827 1045 891 1104 erili

115 1140 235 1197 errabat
251 1137 335 1197 silvis
351 1157 515 1214 rursusque
531 1139 571 1197 ad
586 1138 691 1195 limina
706 1148 780 1196 nota

114 1231 180 1306 ipse
196 1231 320 1290 domum
336 1251 404 1290 sera
420 1231 559 1307 quamvis
575 1250 608 1289 se
624 1241 714 1290 nocte
729 1223 856 1290 ferebat.

114 1324 196 1382 hunc
210 1325 316 1400 procul
331 1333 482 1382 errantem
497 1323 622 1382 rabidae
637 1324 778 1382 venantis
798 1324 856 1382 Iuli

115 1437 306 1476 commovere
323 1437 424 1490 canes,
440 1416 533 1474 fluvio
549 1436 618 1474 curn
632 1417 711 1475 forte
727 1409 878 1475 secundo¹

114 1511 270 1582 deflueret,
286 1510 413 1586 ripaque
429 1519 532 1568 aestus
548 1509 698 1568 viridante
714 1511 836 1569 levaret.

114 1603 180 1680 ipse
196 1602 297 1676 etiam,
314 1602 442 1660 eximiae
458 1602 557 1661 laudis
573 1622 740 1662 succensus
756 1622 868 1676 amore,

115 1695 269 1755 Ascanius
285 1715 377 1754 curvo
393 1695 502 1754 direxit
517 1695 635 1772 spicula
651 1715 746 1754 cornu
759 1721 765 1769 ;

114 1809 172 1848 nec
187 1790 312 1848 dextrae
328 1788 440 1846 erranti
456 1789 532 1846 deus
549 1789 633 1860 afuit,
651 1799 780 1865 actaque
796 1790 891 1847 multo

113 1901 229 1958 perque
245 1891 364 1940 uterum
379 1881 482 1939 sonitu
496 1901 611 1957 perque
627 1881 678 1939 ilia
693 1883 776 1940 venit
791 1883 940 1940 harundo.

114 1975 236 2034 saucius
253 1984 284 2032 at
300 1973 474 2050 quadrupes
490 1983 563 2032 nota
578 1974 657 2032 intra
672 1984 753 2032 tecta
773 1975 892 2051 refugit,

116 2067 326 2143 successitque
341 2086 466 2143 gemens
483 2067 620 2140 stabuliS,
638 2077 810 2143 questuque
826 2076 970 2126 cruentus

116 2170 208 2236 atque
224 2159 398 2236 imploranti
414 2159 520 2218 similis
536 2169 651 2218 tectum
666 2179 756 2218 omne
771 2149 917 2236 replebat.

118 2253 211 2312 Silvia
226 2253 324 2330 prima
340 2272 433 2326 soror,
450 2252 559 2328 palmis
575 2271 721 2329 percussa
736 2253 875 2326 lacertos

116 2346 260 2404 auxilium
276 2355 365 2404 vocat
381 2355 411 2403 et
427 2346 519 2404 duros
535 2346 706 2404 conclamat
721 2345 858 2422 agrestis

116 2439 177 2512 olli,
193 2439 290 2515 pestis
306 2438 387 2497 enim
402 2438 504 2496 tacitis
520 2438 594 2496 latet
610 2457 719 2514 aspera
734 2439 826 2512 silviS,

116 2531 273 2608 improvisi
289 2532 409 2603 adsunt,
429 2531 479 2588 hic
494 2540 574 2588 torre
590 2540 724 2590 armatus
739 2533 859 2604 obust0,

117 2624 229 2701 stipitis
244 2624 294 2682 hic
308 2623 426 2700 gravidi
441 2623 530 2682 nodis
545 2647 551 2696 ;
575 2624 658 2699 quod
673 2625 782 2700 cuique
798 2633 950 2701 repertum

117 2717 247 2788 rimanti,
264 2717 358 2775 telum
374 2717 418 2773 ira
432 2716 515 2775 iacit.
560 2719 659 2774 Vocat
675 2717 796 2793 agmina
812 2717 955 2796 Tyrrhus

117 2809 319 2886 quadrifidam
336 2828 480 2885 quercum
496 2809 601 2867 cuneis
617 2818 650 2867 ut
664 2810 743 2868 forte
759 2811 874 2868 coactis

117 2902 286 2975 scindebat,
303 2912 390 2978 rapta
406 2902 525 2978 spirans
542 2902 673 2960 immane
689 2903 796 2961 securi.
1064 2915 1109 2967 510

158 3050 205 3099 492
220 3035 289 3100 ipse,
302 3051 348 3083 sua
361 3043 452 3097 sponte.
460 3051 550 3099 —494
562 3048 737 3099 commovere,
748 3037 892 3084 excitavere.
901 3065 934 3073 —
943 3035 992 3100 496
1008 3049 1106 3102 amore,

116 3114 291 3161 desiden'o.-
305 3111 420 3175 498-499
449 3115 511 3163 acta
541 3150 547 3162 .
580 3149 586 3162 .
619 3149 625 3162 .
655 3112 743 3176 venit,
773 3113 861 3160 adacta
890 3120 931 3169 est,
958 3117 1106 3174 penetravit.

116 3196 249 3259 harundo,
262 3197 395 3256 spiculum,
409 3197 499 3258 sagitta
507 3223 540 3230 -
552 3208 597 3258 500
616 3195 734 3258 saucius,
754 3197 911 3242 vulneratus.
921 3223 955 3230 —
964 3195 1011 3258 506
1028 3198 1106 3260 torre,

117 3273 183 3319 sude.
192 3272 339 3336 —obust0,
347 3278 516 3332 praeusta—
524 3270 569 3335 508
589 3270 712 3335 rimanti,
729 3273 908 3333 quaerenti.-
915 3284 962 3335 510
980 3272 1106 3336 immane,

116 3363 202 3396 saeve..
