2442 3716
113 235 156 302 24
430 240 603 286 AENEIDOS
635 241 700 286 LIB.
724 241 783 288 VII.

110 473 232 532 flectere
247 473 273 532 si
288 493 410 549 nequeo
426 475 568 550 Superos,
585 475 762 534 Acheronta
777 477 917 535 movebo.

110 587 172 626 non
188 567 310 625 dabitur
323 567 434 642 regnis,
451 577 526 640 estu,
543 567 705 643 prohibere
721 569 849 641 Latinis,

109 671 202 736 atque
217 661 342 718 immota
357 669 461 718 manet
475 661 547 718 fatis
563 661 692 719 Lavinia
707 662 854 720 coniunx:

109 764 140 812 at
155 754 284 825 trahere,
301 763 393 828 atque
408 741 509 811 moras
524 753 618 812 tantis
634 754 705 813 licet
721 755 834 813 addere
849 756 955 826 rebus;
1058 768 1113 820 315
1205 775 1206 800 2

109 857 141 905 at
156 847 226 904 licet
242 847 400 904 amborum
414 847 546 922 populos
561 847 740 905 exscindere
755 866 869 924 regum.

109 941 167 998 hac
181 959 275 1017 gener
290 949 381 1014 atque
397 958 485 996 socer
500 949 610 997 coeant
625 941 765 999 mercede
780 959 913 999 suorum.

109 1032 258 1109 sanguine
274 1032 409 1090 Troiano
424 1042 455 1090 et
471 1033 586 1090 Rutulo
603 1033 758 1105 dotabere‚
774 1033 869 1110 virgo,

109 1135 139 1184 et
156 1126 282 1184 Bellona
296 1135 399 1183 manet
414 1134 445 1183 te
460 1126 608 1201 pronuba.
654 1128 720 1183 Nec
734 1127 802 1184 iace
817 1137 937 1184 tantum

110 1219 226 1279 Cisseis
241 1237 414 1295 praegnans
430 1218 509 1294 ignis
525 1217 614 1276 enixa
629 1217 751 1294 iugalis3

109 1313 183 1389 quin
199 1312 280 1371 idem
295 1311 409 1369 Veneri
423 1321 528 1387 partus
545 1330 618 1368 suus
634 1321 664 1369 et
681 1312 766 1370 Paris
782 1313 866 1385 alter,

108 1407 311 1481 funestaeque
326 1404 435 1462 iterum
450 1403 583 1462 recidiva
598 1403 629 1460 in
646 1407 794 1481 Pergama
808 1407 927 1465 taedae.

152 1499 242 1556 Haec
256 1497 309 1556 ubi
324 1497 407 1555 dicta
422 1496 515 1568 dedit,
531 1506 627 1554 terras
643 1497 795 1557 horrenda
809 1499 929 1575 petivit:

109 1592 272 1650 luctificam
288 1591 397 1648 Alecto
413 1589 546 1647 dirarum
561 1591 599 1648 ab
615 1591 689 1648 sede
705 1591 830 1649 dearum

109 1684 298 1760 infernisque
314 1683 373 1741 ciet
388 1682 532 1754 tenebris,
549 1682 597 1740 cui
612 1683 711 1742 tristia
725 1684 807 1742 bella

109 1778 233 1852 iraeque
248 1775 440 1852 insidiaeque
456 1784 486 1833 et
502 1775 627 1833 crimina
643 1777 734 1834 noxia
749 1778 842 1836 cordi.

110 1871 175 1930 odit
190 1879 221 1928 et
236 1869 302 1945 ipse
317 1878 404 1944 pater
420 1869 539 1941 Pluton,
557 1869 649 1927 odere
665 1889 785 1929 sorores

110 1967 274 2022 Tartareae
290 1971 472 2020 monstrum:
494 1971 540 2019 tot
555 1981 623 2020 sese
638 1963 729 2020 vertit
744 1963 775 2020 in
791 1983 852 2036 ora,

109 2068 172 2116 tam
188 2075 298 2115 saevae
313 2055 418 2128 iacies,
435 2064 480 2113 tot
495 2055 625 2130 pullulat
641 2065 706 2112 atra
721 2057 863 2115 colubris

110 2170 201 2227 quam
218 2153 296 2208 luno
311 2149 359 2208 his
375 2148 456 2206 acuit
471 2147 580 2220 verbis,
598 2167 634 2206 ae
649 2148 722 2206 talia
736 2149 829 2207 fatur:
1053 2167 1104 2217 330

109 2245 191 2302 hunc
206 2243 280 2301 mihi
295 2243 335 2300 da
350 2241 513 2318 proprium,
530 2241 615 2318 virgo
631 2251 697 2300 sata
714 2244 822 2314 Nocte,
839 2243 984 2316 laborem,

109 2339 189 2395 hanc
205 2355 337 2412 operam,
355 2355 393 2392 ne
409 2343 513 2392 noster
527 2335 626 2392 honos
643 2334 810 2393 infractave
826 2337 916 2393 cedat

108 2432 191 2488 lama
206 2430 283 2500 locO,
300 2448 360 2486 neu
376 2427 514 2486 conubiis
531 2427 645 2485 ambire
661 2427 805 2485 Latinum

110 2521 276 2582 Aeneadae
292 2521 421 2597 possint,
439 2521 573 2578 Italosve
589 2519 730 2578 obsidere
745 2521 823 2580 finis.

108 2626 142 2674 tu
157 2626 245 2692 potes
261 2614 422 2672 unanimos
439 2632 555 2671 armare
571 2612 601 2670 in
617 2613 732 2688 proelia
747 2614 856 2674 iratres
1055 2630 1102 2682 335

109 2719 201 2785 atque
217 2708 296 2766 odiis
311 2725 433 2766 versare
449 2707 566 2778 domos,
583 2715 617 2764 tu
631 2707 758 2765 verbera
774 2708 864 2766 tectis
1101 2691 1106 2702 ’

108 2803 312 2877 funereasque
327 2800 437 2858 inferre
452 2800 545 2871 faces,
562 2799 618 2857 tibi
633 2799 758 2857 nomina
773 2800 863 2873 mille,

108 2895 190 2954 mille
205 2893 337 2952 nocendi
353 2903 441 2956 artes
488 2893 665 2950 Fecundum
681 2902 810 2951 concute
825 2903 942 2970 pectuS,

153 3077 336 3143 sudabitur,
355 3076 482 3124 liubin-
488 3087 534 3139 317
554 3075 659 3139 coeant,
677 3076 913 3137 coniungantur.-
922 3091 970 3140 320
989 3077 1097 3143 iugalis,

108 3156 252 3217 coniugalis.
260 3183 294 3190 —
301 3167 347 3217 3²3
366 3153 506 3216 horrenda,
519 3158 598 3199 torvo.
607 3180 641 3187 —
648 3151 697 3214 326
713 3151 795 3216 cordi,
808 3154 978 3213 voluptati.—
985 3153 1032 3218 328
1045 3165 1097 3219 ora,

108 3233 236 3279 vultuu-
243 3245 291 3295 329
300 3228 394 3294 faciest,
400 3230 510 3293 formae.
520 3257 554 3264 —
562 3241 606 3292 331
619 3229 691 3292 sata,
696 3227 766 3290 filia.
774 3255 808 3263 -
815 3241 862 3292 333
872 3228 985 3294 ambire,
995 3231 1099 3278 circum-

108 3309 200 3356 venire.
208 3336 242 3344 —
248 3307 295 3372 338
308 3307 428 3370 concute,
440 3312 531 3353 excute.

147 3572 174 3662 Ι
