2442 3716
132 285 175 343 28
453 299 625 343 Aruernos
658 300 722 344 ΜΒ.
747 300 805 344 vu.

131 529 223 606 idque
240 529 335 601 sedet,
354 529 512 605 Faunique
528 540 670 607 premunt
685 540 715 588 te
732 531 815 589 iussa
830 530 975 606 parentis,

131 641 252 680 omnem
268 622 411 697 equidem
427 623 555 699 sceptris
571 632 690 696 terram,
708 641 786 699 quae
803 623 898 681 libera
913 624 1026 682 nostris

130 715 268 788 dissidet,
285 724 441 773 externam
456 735 524 773 reor
539 726 569 774 et
585 716 628 774 sic
644 717 744 775 dicere
761 717 857 775 divos

130 817 161 866 et
176 809 289 881 Turno,
307 808 332 866 si
348 807 445 884 prima
461 809 569 866 domus
585 818 739 885 repetatur
754 809 847 886 origo,

131 901 265 959 Inachus
281 901 480 977 Acrisiusque
495 911 597 977 patres
613 903 793 978 mediaeque
811 905 969 980 Mycenae.

173 993 233 1052 His
249 994 301 1052 ubi
317 994 503 1070 nequiquam
519 995 609 1054 dictis
625 1006 750 1072 experta
767 996 909 1054 Latinum

130 1097 237 1145 contra
252 1097 332 1146 stare
347 1087 439 1160 videt,
456 1089 640 1165 penitusque
656 1089 687 1146 in
703 1089 820 1147 viscera
835 1090 954 1165 lapsum

130 1181 280 1256 serpentis
295 1181 403 1239 furiale
420 1182 541 1253 malum,
558 1191 716 1258 totamque
732 1192 875 1258 pererrat,

130 1283 194 1332 tum
209 1293 281 1332 vero
297 1274 410 1346 infelix,
427 1274 603 1350 ingentibus
619 1275 718 1333 excita
733 1276 886 1348 monstris,

131 1367 311 1425 immensam
327 1367 392 1424 sine
408 1386 491 1425 more
506 1367 579 1425 furit
594 1368 750 1445 lymphata
765 1388 819 1444 per
834 1370 952 1427 urbem:

130 1479 186 1518 ceu
202 1460 357 1536 quondam
372 1469 453 1517 torto
468 1459 600 1518 volitans
616 1462 673 1520 sub
688 1463 813 1520 verbere
829 1462 927 1534 turb0,

130 1573 221 1629 quem
236 1552 321 1628 pueri
337 1572 448 1629 magno
464 1553 495 1610 in
509 1573 583 1630 gyro
599 1574 696 1612 vacua
712 1554 788 1612 atria
803 1555 916 1614 circum

129 1645 238 1703 intenti
254 1645 326 1703 ludo
342 1655 497 1718 exercent;
521 1646 570 1704 ille
587 1657 673 1705 actus
689 1648 810 1705 habena

129 1738 260 1796 curvatis
276 1739 372 1796 fertur
387 1739 508 1814 spatiis;
531 1749 633 1816 stupet
649 1739 746 1798 inscia
761 1760 853 1816 supra

129 1830 330 1906 impubesque
346 1851 464 1904 manus,
481 1833 590 1890 mirata
605 1833 737 1891 volubile
753 1834 880 1906 buxum3

128 1923 203 1981 dant
219 1923 336 1982 animos
352 1925 469 2001 plagae.
516 1928 586 1983 Non
602 1945 692 1984 cursu
708 1926 830 2002 segnior
845 1926 897 1985 illo

127 2035 182 2092 per
197 2016 313 2074 medias
329 2017 420 2075 urbes
436 2018 535 2094 agitur
549 2019 741 2094 populosque
756 2019 877 2079 ferocis.

128 2109 201 2185 quin
217 2109 308 2167 etiam
324 2109 355 2166 in
371 2109 473 2182 silvas
490 2110 632 2169 simulato
648 2112 771 2170 numine
789 2113 909 2186 Bacchi,

127 2202 224 2260 maius
241 2203 348 2261 adorta
363 2203 451 2261 nefas
466 2203 672 2280 maioremque
688 2224 757 2262 orsa
772 2206 913 2279 furorem,

126 2295 236 2368 evolat,
253 2305 283 2354 et
298 2305 402 2353 natam
417 2296 571 2354 frondosis
587 2297 742 2355 montibus
759 2299 853 2371 abdit,

126 2408 187 2463 quo
202 2389 370 2446 thalamum
386 2388 493 2464 eripiat
509 2389 636 2447 Teucris
651 2390 820 2466 taedasque
836 2403 977 2464 moretur,

125 2482 224 2540 euhoe
241 2481 369 2554 Bacche,
385 2482 527 2555 fremens
545 2483 643 2540 solum
658 2491 688 2541 te
704 2482 819 2560 virgine
835 2485 961 2562 dignum

125 2574 311 2633 vociferans:
334 2574 446 2632 etenim
461 2575 561 2633 mollis
577 2575 633 2633 tibi
649 2595 767 2634 sumere
783 2577 913 2655 thyrsos,

124 2675 155 2725 te
170 2667 298 2725 lustrare
314 2667 416 2740 chor0,
433 2687 553 2726 sacrum
568 2668 624 2726 tibi
639 2689 765 2744 pascere
781 2670 903 2730 crinem.

125 2760 207 2816 fama
222 2761 313 2832 volat,
330 2760 478 2836 furiisque
494 2780 640 2819 accensas
659 2771 782 2837 pectore
798 2773 911 2822 matres

125 2851 206 2910 idem
222 2853 320 2911 omnis
337 2853 426 2910 simul
442 2854 532 2911 ardor
547 2853 617 2930 agit,
635 2873 715 2912 nova
731 2873 877 2930 quaerere
892 2866 974 2916 tecta

125 2945 286 3003 deseruere
302 2946 419 3018 domos,
435 2946 535 3003 ventis
551 2947 626 3004 dant
641 2947 720 3004 colla
736 2966 914 3025 comasque;

125 3047 172 3095 ast
188 3037 265 3096 aliae
280 3037 417 3096 tremulis
433 3039 599 3097 ululatibus
615 3039 739 3097 aethera
755 3041 917 3117 complent,
1071 3059 1120 3112 395

169 3205 216 3268 368
235 3206 321 3270 sedet,
333 3213 389 3253 stat.
397 3234 432 3242 -
439 3220 487 3270 374
505 3208 693 3272 contrastare,
707 3211 825 3256 resistere.
837 3238 872 3246 -
883 3223 929 3273 377
945 3211 1119 3277 immensam,

124 3297 252 3343 magnam.
262 3309 296 3316 -
305 3293 386 3345 more,
407 3284 526 3344 exemplo.
536 3311 570 3318 —
581 3283 735 3347 lymphata,
758 3285 871 3348 furiosa.
884 3314 918 3322 —
930 3286 982 3350 380'
1002 3288 1119 3356 habena,

124 3356 335 3421 flagella-388
353 3358 516 3424 thalamum,
535 3366 703 3420 sponsam.-
709 3373 755 3423 391
776 3373 895 3427 pascere,
914 3363 1064 3426 diffundere.
